3326 5308
177 594 269 675 patris
293 611 309 652 a
333 588 480 668 rhapsodo
504 589 632 667 quodam
656 588 855 650 vetustissimo
874 587 947 649 illud
968 587 1131 667 praefixum
1151 607 1217 650 esse
1235 590 1387 669 prehende

174 680 300 740 videtur.
336 676 517 735 Vetustatem
545 672 576 734 in
602 692 637 734 eo
662 672 783 733 minime
805 673 1002 752 spernendam
1024 672 1110 734 ctiam
1128 673 1251 746 Woliins
1271 675 1389 753 agnovit

176 765 219 840 (in
232 757 445 842 prolegomenis
456 757 492 817 ad
503 757 662 820 Homerum
675 757 881 837 pCCXLVlll.
895 764 924 818 et
940 757 983 818 in:
1001 757 1389 820 hiterthumswissenschaft

178 848 215 909 ll.
231 867 259 925 p.
273 842 332 907 189
345 845 429 922 seo).
452 841 555 903 Jndioe
567 842 710 922 Spehni0‚·
723 843 906 920 prooemium
922 860 981 902 non
998 849 1043 902 est
1053 841 1183 916 Hesiodi,
1199 844 1252 904 sod
1265 844 1390 924 rhapso-

179 932 291 1003 dorum,
307 929 358 1009 qui
373 926 494 988 Hesiodi
509 945 629 988 carmen
641 927 833 999 decantaturi,
848 933 952 1007 poetae
966 935 1065 1005 partes
1079 935 1109 986 ot
1122 945 1279 1005 personam
1295 927 1391 990 imita·

178 1016 294 1077 bantur.
347 1013 430 1086 Quae
454 1011 485 1071 in
505 1012 624 1073 exordio
647 1011 849 1083 continentur,
882 1011 919 1071 ad
938 1010 1018 1072 Jovis
1044 1010 1285 1090 omnipotentiam
1309 1020 1338 1073 et
1360 1014 1391 1075 in

174 1099 313 1161 omnihus
327 1096 523 1177 praesentiam
541 1096 665 1158 attinent
680 1097 770 1173 (ocni.
785 1095 861 1156 inira
877 1115 921 1156 vv.
939 1093 986 1157 18.
1005 1093 1098 1171 19.).*

259 1184 425 1246 levorsum
440 1181 473 1244 2:

413 1303 489 1364 device
514 1297 552 1382 ὃν)
578 1297 700 1363 ἐννέπετε
722 1299 853 1382 σφέτερον
878 1297 979 1380 πατέρ’
1002 1296 1158 1381 ὑμνείουσαι

173 1420 348 1482 vocabulum
364 1417 401 1504 δὴ
416 1417 521 1478 meiius
536 1418 674 1497 quadrat,
691 1435 778 1497 quam
793 1415 859 1492 At,
875 1417 951 1497 quod
969 1415 1163 1495 Goeitlingius
1178 1425 1208 1477 et
1221 1418 1390 1496 nuperrime

174 1502 358 1568 Vollbehrius
376 1501 576 1574 retinuerunt3
597 1503 668 1564 iliud
689 1502 768 1566 enim
786 1502 919 1581 plerique
938 1510 1000 1569 tum
1020 1501 1088 1562 libri
1102 1519 1192 1562 manu
1207 1501 1308 1581 scripti
1327 1511 1390 1564 tum

175 1585 296 1650 Hesiodi
308 1587 489 1651 scholiastae
500 1587 649 1661 exhibent,
663 1595 738 1648 teste
749 1587 900 1664 Lennepio
912 1587 954 1664 (in
965 1585 1053 1648 variis
1063 1586 1239 1650 lectionibus
1251 1587 1287 1650 ad
1300 1587 1329 1650 h.
1341 1588 1390 1663 c).

174 1673 324 1749 Legerunt
333 1671 371 1753 θη
383 1673 469 1742 etiem
478 1670 530 1732 llio
539 1672 765 1748 chrysostomus
774 1670 864 1746 (Orat.
872 1670 947 1746 1111.)
958 1678 987 1730 et
995 1671 1179 1732 Herodianus
1190 1670 1232 1749 (in
1242 1670 1392 1734 Vilioisoni

175 1755 334 1818 Auecdotis
349 1775 377 1834 p.
394 1753 445 1820 89.
476 1754 559 1816 Cous.
580 1754 665 1822 etiam
683 1754 783 1818 Schol.
804 1755 903 1817 Venct.
921 1754 957 1816 ad
972 1754 1006 1816 11.
1020 1757 1064 1820 Α.
1087 1756 1137 1831 1.).
1183 1756 1338 1818 Praeterea
1361 1755 1391 1820 in

174 1839 330 1901 lectionem
345 1838 401 1904 Δί’
417 1839 539 1903 otiendit
554 1839 642 1903 etiam
652 1837 787 1917 repetitio
799 1837 956 1904 verborum
971 1839 1133 1920 σφέτερον
1146 1839 1265 1919 πατέρ’
1283 1842 1321 1918 (v.
1337 1839 1390 1918 2.),

173 1920 210 1992 ὅν
223 1923 326 2068 caprei
343 1921 550 2072 (v.93.)l‚0Aado
563 1922 722 2007 μεγάλοιο
737 1921 847 2002 (1.4),
863 1941 939 2002 quac
953 1923 1051 1990 omnia
1066 1924 1168 1989 lovem
1183 1923 1355 2002 respiciunt.

284 2027 369 2073 ersus
406 2053 413 2068 .
477 2026 484 2067 :

438 2129 521 2190 κλύθι
535 2124 603 2190 idcio·
617 2124 688 2190 ἀΐων
701 2151 745 2201 νε,
760 2128 821 2206 δίκη
836 2124 862 2188 δ’
880 2121 960 2190 ἴθυνε
971 2126 1109 2210 θέμιστας

440 2210 514 2291 τύνη·
530 2210 583 2292 ἐγὼ
602 2211 635 2272 dei
646 2235 676 2272 κε
691 2210 788 2292 Πέρση
803 2209 924 2292 ἐνιύτυμα
937 2213 1130 2293 μυθησαίμην,

179 2328 342 2406 supplicem
356 2334 475 2406 poetam
491 2325 527 2385 ed
542 2325 642 2386 lovem
661 2344 693 2385 se
709 2335 878 2387 convertere
893 2327 1061 2400 ostendunt,
1077 2337 1110 2387 ut
1124 2336 1203 2389 recte
1218 2329 1393 2392 schohastae

176 2420 206 2472 et
228 2411 423 2472 recentiorum
447 2409 529 2470 multi
552 2410 717 2470 observant.
762 2412 879 2496 Πέρση
904 2411 993 2490 igitur
1015 2413 1052 2492 (v.
1070 2412 1133 2489 10.)
1157 2413 1271 2473 dativus
1294 2433 1391 2494 neque

176 2496 323 2556 vocativus
334 2504 387 2568 est,
403 2502 435 2556 ut
446 2495 479 2555 D.
490 2493 628 2555 Heinsius
640 2494 764 2567 censuit,
780 2497 865 2575 cnjus
877 2497 1077 2576 conjecturam
1090 2496 1284 2576 Goettlingius
1300 2500 1349 2577 (ed
1361 2498 1391 2574 1.)

176 2599 244 2646 cum
260 2579 324 2645 aliis
338 2579 521 2660 approbavit.
544 2579 603 2640 Sed
618 2588 698 2641 recte
713 2579 854 2641 Graevius
870 2601 937 2644 cnm
953 2581 1075 2654 Lanzio,
1091 2581 1230 2644 Proolum
1245 2583 1282 2661 (v.
1299 2582 1332 2644 9:
1353 2581 1393 2656 oia

175 2658 272 2730 ντᾶντα
283 2665 390 2748 ἐφορῶν
401 2661 449 2727 καὶ
460 2663 570 2728 ἄκοέοιν
585 2667 641 2727 τῶν
652 2665 805 2766 γινομένων,
822 2663 944 2746 ε’νιόνιυης
954 2669 1040 2748 γενυύ·
1055 2662 1103 2728 καὶ
1113 2664 1149 2749 μὴ
1159 2666 1244 2746 μόνον
1256 2665 1292 2729 δι’
1307 2667 1393 2750 ἀκοῆς

178 2750 257 2824 δέξαι
270 2748 308 2812 τὰ
322 2746 512 2828 ῥηθησόμενα,
528 2747 601 2811 ἀλλὰ
612 2773 660 2810 και
673 2749 708 2810 δι’
725 2747 821 2828 ὄψεως
835 2745 941 2812 ἴθυνον.
958 2797 964 2809 .
980 2797 986 2810 .
1003 2797 1010 2810 .
1030 2748 1117 2833 Ὁρᾷν
1126 2747 1212 2814 diade
1223 2753 1282 2814 Δία
1297 2751 1394 2814 πάντα

181 2829 228 2894 καὶ
243 2830 351 2894 ἀκούειν
365 2829 480 2892 πάντων
500 2829 603 2911 εἴρηκεν
618 2828 659 2902 nic
671 2831 786 2894 πάντων
801 2831 908 2914 ἔφορον·
924 2831 1035 2916 ὁρῶντο
1049 2831 1097 2915 μὲν
1112 2834 1165 2906 τὰς
1178 2834 1293 2914 πράξεις
1308 2832 1393 2916 ημῶν,

179 2914 318 2978 ἀκούοντα
333 2910 363 2976 δὲ
376 2917 433 2977 τῶν
446 2913 547 2996 λύγων,
563 2907 603 2976 oia
616 2913 805 2997 φθεγγόμεθα
820 2916 847 2978 oi
860 2914 1016 2999 ἅνθρωποι.
1032 2965 1039 2978 .
1055 2966 1062 2979 .
1078 2966 1084 2980 .
1113 2919 1166 2992 Σύ,
1181 2943 1271 3004 φησιν,
1287 2915 1393 2984 ἴθυνον·

174 2999 228 3081 ἐγώ
243 2995 273 3061 δὲ
286 2999 432 3073 caeoldo
447 3001 492 3078 τῷ
507 2999 650 3080 Πέρση),
676 3008 707 3060 ut
721 2999 850 3072 videtur,
871 3001 965 3061 secuti
985 3001 1171 3080 objecerunt,
1194 3003 1274 3063 lovis
1290 3004 1391 3074 inisse,

176 3101 235 3143 non
249 3083 372 3155 Persae,
392 3081 524 3147 ἰθύνειν
547 3085 719 3165 θέμιστας
741 3085 830 3162 (coni.
846 3085 976 3164 Lennep.
994 3084 1024 3144 in
1040 3104 1115 3146 conr.
1132 3087 1212 3147 adh.
1229 3088 1277 3164 v.).
1322 3089 1393 3148 Ver·

176 3187 241 3230 sum
256 3167 304 3232 10.
320 3166 439 3248 respicit
449 3168 543 3235 Draco
555 3168 776 3230 Stratonicenus
791 3166 890 3254 (pite.
903 3167 974 3252 14),
991 3171 1162 3232 Euststhius
1178 3172 1227 3247 (ad
1240 3172 1272 3232 li.
1282 3190 1311 3251 p.
1321 3171 1392 3234 573.

176 3273 205 3332 p.
222 3250 313 3314 1044.
329 3251 379 3314 42.
396 3270 425 3331 p.
443 3251 534 3317 1359.
547 3251 621 3330 33.),
637 3251 867 3332 Etyutologieum
883 3253 921 3316 Μ.
939 3256 976 3332 (v.
989 3252 1059 3340 έγών
1070 3275 1099 3340 p.
1111 3254 1183 3322 314.
1196 3253 1270 3333 42).
1302 3257 1393 3320 Voce-

177 3335 281 3397 hulum
295 3337 374 3420 τύνη
390 3356 493 3397 omnes
510 3356 578 3397 cum
592 3335 711 3411 Proclo,
727 3337 847 3411 Tzetze,
863 3337 1054 3419 Moschopuio
1075 3337 1153 3404 ἀντὶ
1171 3343 1229 3405 τού
1248 3339 1287 3406 σύ
1303 3342 1393 3420 (conf.

179 3439 204 3564 pl.
221 3419 318 3567 01ἑ114)8
320 3421 440 3568 5dictum
462 3421 624 3501 accipiunt,
649 3438 707 3502 qua
730 3421 944 3500 significatione
964 3424 1117 3503 usurparit
1137 3426 1224 3487 etiam
1247 3427 1394 3487 Homerus

433 3625 512 3708 τύνη
527 3625 553 3688 d'
572 3624 702 3709 ἕστηκας,
719 3625 794 3710 dedo
809 3627 868 3692 οὐδ’
887 3623 994 3707 ἄλλοισι
1006 3626 1133 3700 κελεύεις,

176 3749 205 3802 et
218 3745 253 3803 Z.
270 3737 346 3802 262:
1308 3823 1311 3831 .

249 3857 292 3932 eia
305 3855 383 3940 ιύνη
396 3860 533 3942 ιιέιμηναν
544 3861 667 3944 ,ἀμείνονα
680 3872 766 3932 ιοῖσιν
785 3862 885 3943 depono.
928 3841 1023 3942 (Coei.
1038 3833 1128 3926 ¹etiaio
1142 3864 1176 3930 lt
1192 3870 1233 3934 H·
1250 3863 1314 3942 64.)

177 3975 269 4053 igitur
283 3978 362 4056 quod
377 3977 484 4055 legitur
507 3975 555 4061 (in
571 3979 690 4040 scholiis
706 3981 787 4042 MSS.
805 3979 945 4042 d'Orvillii
961 3981 1039 4065 apud
1055 3979 1201 4042 Gaisi'ord.
1217 3983 1236 4042 l.
1252 3983 1271 4042 l.
1289 3983 1322 4042 Τ.
1340 3984 1392 4044 111.

176 4078 204 4138 p.
220 4057 299 4144 39.):
322 4062 484 4143 Πολύζηλος
503 4059 533 4125 di
552 4063 580 4126 έν
594 4062 746 4137 Ῥοδιακοῖς
768 4066 855 4148 Τύνη
871 4062 994 4148 ἄρχοντα
1009 4067 1156 4130 Χαλκιδέα
1174 4064 1271 4149 φησὶν,
1295 4068 1343 4148 ἀφ’
1361 4063 1394 4132 ού

176 4143 321 4226 κρίνεσθαι
334 4145 384 4211 τὸν
395 4145 529 4212 Ἡσίοδον
542 4147 612 4229 μετὰ
627 4152 677 4212 τοῦ
691 4150 821 4232 inope,
837 4151 1031 4230 excogitatum
1048 4158 1102 4212 est.
1120 4151 1393 4212 ·.1ιιιίἰο1ιιιυθοειυ

175 4227 271 4306 liegii,
291 4230 340 4307 qui
359 4246 476 4293 versum
501 4229 547 4293 10.
569 4234 709 4311 expunxit
729 4243 760 4294 ut
778 4235 995 4316 ineptissimum
1015 4237 1126 4296 loetum
1148 4236 1245 4307 scioli,
1270 4237 1392 4298 ridicule

176 4349 373 4360 -.-.....-.-.--

260 4397 356 4460 *Quod
372 4403 405 4449 ed
424 4408 519 4452 textam
538 4404 611 4464 hujus
627 4405 747 4452 carminis
765 4410 877 4466 spectet,
899 4408 1034 4454 editionem
1052 4407 1179 4468 sequimur
1198 4407 1283 4454 David
1299 4407 1393 4456 «iacobi

179 4481 229 4514 van
242 4467 361 4530 Lennep,
374 4469 478 4520 Hesiodi
491 4474 577 4534 Opera
589 4477 614 4520 et
626 4473 697 4521 Dies.
731 4474 913 4522 Amstelodomi
931 4475 1154 4524 liDCCGXLVH.
