3326 5308
703 401 897 508 „ll--

181 633 329 714 profectas
353 647 418 692 esse
438 636 568 708 putares,
592 625 647 688 tibi
667 633 767 688 tamen
786 644 894 706 negare
916 644 975 688 uon
997 625 1112 701 liceret,
1136 645 1204 688 eum
1219 625 1406 688 traditionem

182 727 309 778 veterem
323 723 456 776 secutum
473 732 547 776 csse.
579 712 691 773 Similia
707 712 784 772 enirn
802 720 871 773 sunt
882 711 1003 773 Homeri
1020 706 1065 795 (in
1080 712 1134 774 od.
1150 718 1185 775 Τ.
1203 709 1285 788 163.)
1301 712 1405 773 verba:

181 801 218 867 ori
229 801 290 884 γάρ
302 797 369 866 bird
385 799 484 881 δρυός
499 799 570 863 ίσσι
583 797 825 880 παλαιφάτου,
841 796 910 862 οὐδ’
928 795 996 861 άπὸ
1012 799 1148 880 πέτρης,
1165 804 1193 858 et
1202 797 1406 876 Aristophanis

182 886 425 962 (melchorum.
444 881 514 946 180.
532 881 631 960 181.);

443 997 616 1085 Ἀχαρνικοί,
631 998 741 1066 στιπτοὶ
755 1003 892 1084 γέροντες,
907 1000 1036 1082 πρίνινοι,

445 1086 627 1168 ἀτεράμονες,
644 1085 921 1168 Μαραθωνομάχαι,
938 1084 1138 1170 σφενδάμνινοι.

178 1224 291 1288 Similia
307 1225 427 1286 tradunt
442 1223 521 1284 baud
538 1221 627 1296 dubie
643 1222 807 1283 secundum
824 1222 953 1283 Graecos
968 1222 1056 1283 etiam
1072 1222 1209 1301 Virgilius
1225 1222 1261 1283 de
1277 1223 1404 1285 Evandri

177 1310 361 1390 temporibus
370 1309 493 1388 (iuben.
504 1303 650 1368 rusaio
659 1307 746 1386 seul:
761 1311 832 1368 Ιιαιο
842 1309 1233 1386 υτωονοίυδίρτυαεθαυυί,
1242 1301 1405 1388 Nymphae-

177 1417 230 1476 que
244 1397 385 1463 terrebant,
404 1393 538 1470 Gcosque
552 1395 645 1452 oirtirn
661 1395 768 1452 truncis
784 1403 810 1452 et
824 1397 895 1453 duro
910 1395 1010 1453 robore
1024 1403 1112 1466 παίω·
1135 1410 1164 1453 et
1175 1393 1285 1453 Statius
1298 1394 1334 1454 de
1347 1395 1406 1472 pri·

178 1479 290 1542 maevis
302 1476 468 1538 Arcadibus
480 1476 523 1556 (in
536 1476 629 1537 Theb.
640 1476 764 1539 lvere.
772 1477 860 1556 seq.):
877 1498 1023 1538 nemorum
1034 1500 1084 1538 vos
1096 1481 1184 1555 stirpe
1197 1481 1301 1557 riperti
1309 1483 1405 1539 Fama

177 1575 268 1635 satos,
284 1569 313 1624 et
329 1563 385 1642 (vv.
400 1559 472 1625 279.
489 1563 596 1642 seqq.):
628 1583 749 1640 quercus
769 1565 900 1640 laurique
913 1565 1054 1637 serebant
1076 1564 1175 1624 Cruda
1191 1567 1351 1642 puerperia
1370 1587 1406 1624 oc

173 1652 300 1728 populos
313 1649 448 1708 umbrosa
455 1650 570 1707 ονεανίί
584 1650 737 1706 Fraxinus
752 1652 871 1720 etfoeta
885 1651 985 1708 viridis
994 1670 1071 1724 puer
1086 1652 1191 1710 excidit
1205 1670 1286 1708 orno.
1313 1649 1343 1708 Si
1361 1668 1404 1722 ea,

179 1751 255 1812 quae
271 1739 396 1805 exstant,
412 1732 559 1792 illustrare
571 1729 654 1804 velis,
669 1731 835 1791 rectissime
847 1730 944 1792 Procli
956 1733 1141 1807 senteutiam,
1158 1751 1245 1812 quem
1262 1734 1298 1794 de
1310 1733 1405 1795 lleliis

178 1815 322 1897 Nymphis
338 1817 514 1894 cogitantem
529 1814 699 1894 Lcnuepius
715 1833 869 1894 perperam
886 1815 1041 1877 intellexit:
1071 1817 1105 1880 ἐκ
1119 1821 1239 1900 petroio
1254 1821 1320 1882 τᾶν
1335 1822 1405 1884 δέν-

177 1909 279 1986 δρων,
295 1897 377 1988 Ιοιίχί
399 1901 432 1964 ἐκ
448 1903 585 1964 Μελιιᾶν
599 1902 761 1982 Νυμφῶν.
779 1949 786 1964 .
803 1949 809 1962 .
825 1949 831 1963 .
848 1899 978 1967 ἄτοπον
1000 1901 1065 1984 γάρ
1081 1901 1159 1975 τοὺς
1177 1904 1212 1966 ἐκ
1230 1905 1289 1966 τοῦ
1308 1905 1405 1968 θείου

177 1989 293 2071 γένους
315 1983 422 2058 ὄντας
448 1983 632 2067 θηριώδεις
654 1988 770 2067 φῦναί
795 1983 866 2050 ἀλλ’
891 1984 936 2058 οδε
957 1988 991 2050 ἐκ
1013 1989 1157 2070 δένδρων
1178 1991 1325 2068 στερεῶν
1347 1985 1405 2051 καί

175 2070 378 2152 δοσσήπτων
398 2069 588 2154 γεγονότας.
633 2069 746 2130 Similia
761 2070 853 2148 *docet
873 2070 961 2132 etiam
978 2071 1115 2132 Tretzes:
1138 2074 1313 2156 έκμελιων
1333 2078 1403 2138 δεν-

177 2159 263 2239 δρων
277 2180 381 2240 φασιν
397 2152 534 2230 αὐτοὺς,
549 2152 650 2236 ἤγουν
665 2154 827 2238 στερεοές.
871 2157 1079 2218 Recentiorum
1096 2157 1240 2238 quosdam
1256 2157 1332 2218 male
1348 2158 1404 2218 ba·

177 2239 240 2303 buit
255 2259 316 2302 non
331 2241 394 2310 sine
407 2241 489 2318 jure,
506 2238 584 2317 quod
600 2247 704 2315 poetae
718 2238 878 2320 χάλκειον
897 2241 992 2324 γένος
1008 2242 1118 2302 factum
1134 2243 1242 2303 dicitur
1256 2243 1286 2304 ἐκ
1298 2247 1402 2324 μελιᾶν,

178 2344 255 2403 quae
277 2341 410 2401 pugnare
434 2340 535 2381 secum
558 2321 684 2382 invicem
707 2334 896 2384 censuerunt.
940 2325 1042 2404 ltaque
1055 2326 1192 2404 βορείου
1212 2325 1402 2387 scribendum

177 2407 309 2469 censuit:
332 2407 367 2470 έν
385 2431 421 2470 τε
439 2401 537 2487 μελὲς
555 2405 665 2470 δεινόν
684 2431 718 2472 τε
740 2426 793 2486 pro
814 2409 949 2491 ἐκμελές
969 2434 1003 2473 τε
1018 2410 1127 2475 δεινόν
1140 2437 1191 2485 τε,
1213 2413 1250 2473 ad
1265 2411 1403 2491 Hesycbii

177 2491 300 2574 ένμελής·
320 2490 498 2574 ἀνάρμοστος
516 2509 688 2570 provocans
733 2493 796 2554 Alia
817 2495 986 2575 conjectura
1002 2504 1061 2556 est:
1092 2496 1126 2560 ἐκ
1144 2498 1272 2582 μελέων
1292 2495 1403 2562 δεινόν

175 2573 280 2640 τεκαὶ
301 2573 440 2660 ὄβριμον
465 2579 595 2636 manitus
620 2580 743 2638 terribile
762 2602 797 2640 ac
817 2584 971 2642 uehemens.
1016 2579 1072 2642 Alii
1092 2589 1267 2643 construunt
1286 2581 1339 2642 ito:
1369 2584 1403 2646 ἐν

172 2665 294 2744 μελιᾶν
315 2660 424 2726 δεινόν
443 2687 478 2724 τε
499 2659 555 2725 καί
569 2661 723 2745 ὄβριμον,
744 2665 822 2742 quod
839 2665 877 2726 sit
890 2670 980 2726 bostis
995 2669 1120 2726 terribile
1134 2689 1170 2726 ac
1184 2670 1321 2728 validum.
1366 2669 1404 2728 At

147 2759 151 2768 “
174 2755 287 2808 temere
303 2746 334 2805 bi
349 2765 402 2823 pro
419 2755 498 2805 certo
515 2745 695 2818 habueruut,
716 2748 844 2828 χᾶίωεων
864 2750 921 2809 hoc
936 2769 1030 2826 genus
1051 2758 1166 2828 poetam
1183 2751 1291 2812 dixisse
1308 2770 1324 2812 a
1340 2771 1403 2814 ma-

175 2831 257 2901 teria,
274 2829 354 2889 unde
366 2829 523 2890 formatum
537 2838 607 2902 erat,
625 2831 758 2909 quamvis
770 2832 810 2892 ita
823 2833 976 2895 censuisse
989 2833 1122 2895 videatur
1133 2835 1222 2896 etiarn
1230 2835 1402 2914 Apollonius

174 2913 308 2975 Rhodius
324 2912 382 2992 (lv.
400 2911 518 2988 1641.):
537 2917 698 2998 χαλκείης
710 2920 937 2998 μελιηγενέων
951 2918 1149 3001 ἀνθρώπων
1161 2918 1270 3004 Ῥίζης
1283 2919 1402 2986 λοιπὸν

174 2999 276 3065 ἐόντα
290 2998 360 3081 μετ’
378 2996 545 3081 ἀνδράσιν
559 2996 735 3081 ἡμιθεόισι
755 3001 847 3081 (apud
861 3002 992 3083 Lenuep.
1010 3003 1041 3064 in
1056 3023 1131 3066 com.
1148 3006 1229 3066 adh.
1247 3007 1295 3082 ν.)
1325 3006 1402 3066 Leu-

174 3084 279 3164 nepius
292 3084 322 3159 (l.
332 3081 371 3165 ο.)
383 3084 531 3162 vulgatam
542 3083 698 3147 lectionem
712 3093 741 3147 et
751 3085 922 3165 juncturam
937 3089 972 3152 ἐκ
985 3093 1104 3172 μελιᾶν
1116 3094 1258 3172 ποιῆσαι
1272 3090 1401 3162 Hesiodo

177 3189 236 3231 uon
252 3167 409 3250 abjudicat.
455 3167 515 3231 Nos
532 3188 600 3231 vero
616 3171 707 3231 movit
722 3172 897 3234 vocabulum
912 3170 1026 3260 ὕβριες
1041 3178 1077 3250 (v.
1096 3173 1166 3237 146.
1211 3175 1294 3236 conf.
1311 3175 1400 3236 etiam

172 3254 271 3316 locum
286 3258 430 3326 σκολιῶς
444 3254 619 3331 ὀνοτάζων
634 3275 659 3316 v.
676 3253 776 3334 258),
799 3267 832 3318 ut
846 3277 964 3320 versum
983 3257 1051 3322 145.
1069 3260 1260 3321 scribendum
1276 3280 1342 3322 esse
1358 3261 1401 3322 sic

179 3357 369 3401 censeamus:

434 3458 543 3524 σκολιὸν
558 3455 606 3524 καί
621 3459 708 3524 δεινὸν
721 3460 764 3544 ἠδ
782 3459 926 3546 ὄμβριμον·
948 3463 1018 3528 οἷσιν
1027 3460 1140 3548 Ἄρηος.

173 3591 251 3651 Loco
267 3589 301 3654 έν
314 3596 437 3674 μελιᾶν
451 3600 598 3677 ποιῆσαι
613 3595 716 3657 alludit
729 3597 903 3661 Eustathius
919 3599 962 3675 (in
973 3600 1006 3660 ll.
1017 3619 1045 3678 p.
1057 3599 1148 3662 1262.
1164 3599 1212 3663 11.
1225 3609 1254 3662 et
1265 3620 1293 3680 p.
1308 3599 1399 3664 1360.

176 3674 228 3736 22.
244 3675 275 3736 in
290 3677 344 3736 0d.
360 3697 389 3756 p.
408 3677 498 3742 1859.
516 3679 584 3759 13.)

257 3761 367 3822 Locus:
392 3763 477 3828 οὐδέ
495 3790 526 3828 τι
546 3775 643 3830 σῖτον
665 3765 793 3848 ἤσθιον
816 3766 1059 3848 (νι.146.147.)
1081 3789 1175 3849 genus
1197 3790 1316 3834 aereum
1335 3789 1398 3832 rem

175 3846 316 3907 rusticam
331 3847 410 3908 haud
426 3848 553 3911 coluisse
569 3851 712 3930 designat.
756 3852 839 3928 Unde
859 3852 945 3914 lectio
962 3851 1135 3919 ἄπλαστοι
1154 3859 1191 3934 (v.
1210 3854 1291 3936 148.)
1312 3875 1399 3935 prae·

174 3930 293 3993 terenda
309 3939 353 3992 est
368 3931 450 3993 alteri
465 3930 622 4017 ἄπλητοι,
639 3955 728 4015 quam
743 3937 946 4018 Goettlingius‚
965 3947 994 3999 et
1008 3937 1169 4016 ἄπλατοι,
1185 3959 1274 4019 quam
1289 3959 1399 4021 nuper-

107 4017 109 4022 '
173 4013 247 4075 rime
267 4014 451 4078 Vollbehrius
472 4038 538 4079 cum
560 4020 624 4082 aliis
644 4022 844 4098 retinuerunt3
873 4022 921 4083 illa
943 4023 1021 4084 enim
1042 4025 1270 4105 incompositum
1292 4034 1321 4087 et
1344 4027 1400 4090 im-

134 4127 135 4134 *
175 4099 318 4164 mundum
334 4103 410 4164 vitae
424 4103 521 4178 rudis,
542 4105 615 4168 haec
630 4106 709 4167 idem
726 4107 880 4186 significat,
898 4109 975 4188 quod
993 4107 1166 4175 douretin
1180 4110 1286 4173 eodem
1301 4131 1398 4176 versu.

172 4185 329 4247 Praeterea
343 4187 445 4250 multis
465 4188 495 4251 in
512 4189 665 4252 codicibus
686 4189 860 4258 ἄπλαστοι
878 4193 999 4272 legitur,
1021 4195 1097 4257 duce
1112 4196 1263 4276 Lennepio
1279 4197 1321 4274 (in
1336 4216 1398 4260 rar.

173 4267 237 4331 lect.
255 4269 292 4330 ad
307 4271 335 4331 h.
349 4290 375 4334 v.
393 4275 466 4337 etin
483 4275 594 4355 Theog.
610 4297 634 4338 v.
652 4275 720 4340 161.
762 4278 844 4340 Cous.
860 4280 1021 4341 Wakefield
1038 4281 1107 4342 Silv.
1123 4281 1192 4344 Crit.
1209 4281 1245 4342 ll.
1262 4301 1289 4360 p.
1306 4279 1398 4355 150).

256 4355 316 4416 Cur
330 4355 594 4421 celebratissimum
611 4380 705 4440 genus
721 4372 873 4442 quartum,
897 4364 1029 4447 ἀνδρῶν
1050 4364 1166 4448 ἡρώων
1185 4377 1284 4432 θεῖον
1303 4369 1399 4450 γένος

172 4437 464 4518 (ercammarum,
478 4445 614 4530 νώνυμον,
631 4447 648 4508 i.
663 4467 686 4508 e.
703 4467 719 4508 a
735 4448 816 4508 nullo
831 4449 949 4512 metallo
965 4450 1187 4514 denominatum
1203 4452 1301 4526 luerit,
1318 4453 1397 4514 haud

172 4530 217 4584 est
232 4523 332 4598 facile,
355 4531 388 4586 ut
404 4529 557 4607 conjicias3
580 4533 706 4594 lortasse
722 4532 790 4612 quia
807 4534 866 4596 diri
887 4534 997 4597 luerint
1011 4535 1080 4597 nati.
1125 4537 1178 4598 His
1195 4536 1300 4635 addas,
1321 4555 1397 4616 quae
