3326 5308
276 671 443 735 retractavit
457 683 487 736 et
501 683 568 754 post
583 693 700 738 versum
719 675 789 741 160.
805 698 874 741 eum
890 681 1029 760 relegavit
1044 678 1075 760 (l.
1093 701 1118 742 c.
1133 701 1162 762 p.
1178 679 1253 748 225:
1280 696 1312 744 nt
1326 708 1500 750 omnmnoem

276 761 380 820 toton
395 753 529 846 [ἡμίθεοι]
547 783 610 821 cum
621 765 689 822 Diis
703 773 788 842 atque
802 761 962 828 hominibus
977 769 1121 848 originem
1136 773 1178 830 ito
1190 771 1244 830 Dii
1252 781 1319 831 eunt
1328 783 1355 833 et
1364 778 1502 835 mortales

276 845 425 915 hominen).
465 849 607 926 Equidem
622 850 730 921 nescio,
752 849 792 910 ait
806 850 976 930 Leunepius
992 852 1023 930 (Ι.
1039 854 1094 927 a),
1116 874 1156 914 an
1171 857 1244 916 citit
1257 852 1404 930 hiefaeile
1419 861 1500 920 eolli-

276 933 422 990 citondum
436 933 481 991 cit.
526 936 685 994 Potuerunt
698 937 786 1010 enirn,
802 957 845 994 mc
851 939 964 1012 judice,
980 939 1037 998 dici
1050 940 1105 998 Dii
1119 948 1205 1018 otqne
1218 942 1342 1001 homines
1357 945 1500 1004 eocetitieee

272 1012 414 1095 ὁμόθεν,
437 1020 567 1094 quemme
577 1021 705 1092 formati
717 1031 784 1080 aurit
798 1023 835 1080 ab
850 1024 917 1082 Diis
931 1025 1069 1096 honaineo,
1092 1045 1155 1084 cnm
1168 1027 1249 1086 laud
1261 1027 1343 1088 dolie
1357 1026 1500 1110 Κρόνος

273 1102 410 1178 ceterique
424 1105 508 1180 hojum
522 1105 631 1163 ordinis
646 1106 700 1164 Dii
713 1109 755 1164 ad
766 1109 960 1180 formandum
978 1111 1043 1169 illos
1061 1111 1106 1169 usi
1119 1112 1176 1170 sint
1191 1112 1239 1182 iis,
1263 1115 1364 1190 quidne
1378 1115 1436 1191 ipsi
1449 1135 1498 1174 ae-

273 1195 384 1262 ceptam
395 1189 532 1266 oriqinem
539 1190 687 1265 serebant,
699 1193 843 1252 recensitos
854 1195 891 1254 ab
904 1196 1029 1254 Hesiodo
1041 1196 1071 1254 in
1086 1197 1247 1275 Theoqonio
1256 1199 1364 1273 primia
1373 1209 1498 1259 naturae

272 1273 414 1331 elementis
431 1273 529 1346 Coelo,
549 1277 638 1335 Terra
653 1286 738 1355 atquc
754 1279 820 1337 inde
833 1280 919 1338 notis.
966 1283 1070 1352 Poeta,
1086 1301 1144 1358 qno
1158 1283 1272 1341 ratione
1286 1283 1316 1342 in
1327 1286 1499 1357 sconarda

271 1357 429 1416 hontinibua
444 1379 509 1418 asoa
523 1379 582 1419 ecoe
597 1364 677 1420 Deos
697 1363 861 1435 crediderit,
885 1366 966 1423 houd
983 1367 1099 1424 obscure
1114 1369 1275 1427 declaravit
1293 1369 1322 1426 in
1339 1371 1498 1428 Pandorae

271 1443 375 1517 mytho.
398 1441 457 1502 Sed
473 1443 560 1504 nobis
573 1463 622 1504 res
638 1445 788 1524 postulare
803 1447 931 1522 videtur,
948 1456 982 1508 ut
994 1446 1126 1529 ὁμόθεν
1145 1450 1224 1510 idem
1240 1451 1279 1512 sit
1294 1471 1329 1512 ac
1344 1455 1494 1514 commonia

272 1518 317 1608 (ἐκ
331 1529 382 1590 τοῦ
395 1524 547 1611 σύνεγγυς),
563 1527 582 1588 i.
599 1547 623 1588 e.
639 1539 760 1608 propter
774 1533 921 1592 shmmam
937 1531 1083 1604 virtutem,
1100 1551 1188 1612 quam
1204 1534 1345 1613 primaevi
1362 1537 1494 1599 homiues

272 1610 463 1686 exercebant,
479 1613 601 1674 deorum
618 1615 833 1678 consuetudine
849 1637 883 1678 ac
898 1617 1094 1679 familiaritate
1109 1618 1190 1698 digni
1208 1619 1301 1680 hahiti
1316 1629 1387 1682 sunt
1407 1621 1497 1700 (conl.

271 1695 484 1758 Dicaearchum
500 1699 578 1777 apud
594 1698 790 1780 Porphyrium
807 1703 844 1762 de
855 1702 937 1764 Abst.
951 1704 997 1764 lV.
1010 1702 1039 1766 2.
1055 1701 1134 1776 τοὺς
1146 1703 1318 1777 παλαιοὺς
1331 1703 1388 1770 καὶ
1403 1706 1499 1789 ἐγγὺςΙ

270 1784 363 1844 θεῶν
377 1780 587 1865 γεγονότας).
626 1784 713 1857 Quod
729 1787 815 1844 etiam
831 1786 915 1846 locus
929 1789 1073 1866 χρύσεον
1087 1790 1181 1867 γένος
1196 1791 1372 1850 confirmare
1387 1798 1499 1868 potest;

272 1864 339 1926 talis
356 1866 434 1928 enim
452 1868 567 1929 vivendi
582 1869 656 1928 ratio
671 1868 739 1941 (vid.
756 1884 844 1941 supra
860 1867 957 1924 locum
971 1870 1091 1945 χρυσέη
1105 1868 1301 1948 Ἀφροθίνγ)
1321 1874 1400 1947 apud
1420 1874 1498 1934 Deos

274 1951 372 2012 hahita
389 1953 485 2012 luerit
529 1950 583 2010 His
598 1967 667 2007 vero
683 1947 759 2006 adde
774 1964 891 2008 versum
910 1945 983 2008 112:

543 2060 615 2130 aiore
628 2060 694 2129 θεοὶ
709 2064 732 2128 d
752 2064 837 2140 ἔζωον
852 2064 957 2148 ἀκηδέα
970 2063 1065 2148 θυμὸν
1080 2065 1200 2148 ἔχοντες,

270 2213 299 2264 et
313 2222 358 2263 vv.
375 2199 565 2265 121—123:

509 2321 601 2425 αὐτὰρ
615 2320 707 2404 ἐπειδὴ
721 2325 804 2387 τοῦτο
818 2323 895 2406 γένος
909 2320 985 2387 κοινοὶ
1002 2330 1071 2405 γαῖα
1085 2321 1222 2403 ademar,

508 2405 551 2472 coi
564 2434 614 2489 μεν
629 2407 759 2488 δαίμονές
772 2408 824 2472 cicc
838 2406 909 2479 Διὸς
921 2406 1042 2489 μεγάλου
1057 2405 1104 2470 διὰ
1117 2405 1236 2489 βουλάς,

509 2489 622 2563 ἐσθλοὶ,
638 2491 806 2572 ἐπιχθόνιοι,
822 2491 942 2574 (phimum
956 2494 1072 2572 θνητῶν
1089 2490 1264 2572 ἀνθρώπων.

271 2626 358 2698 Quod
381 2625 406 2686 si
425 2632 505 2685 reete
525 2624 706 2704 disputatum
727 2634 819 2700 esset,
840 2627 913 2687 haec
933 2625 1015 2706 prior
1034 2625 1188 2686 hominum
1209 2643 1282 2706 gens
1297 2624 1354 2686 diis
1370 2624 1498 2704 antiquis

271 2710 452 2791 respondere
467 2709 625 2786 videretur,
642 2731 730 2792 quam
743 2711 780 2772 ab
795 2711 868 2792 ihsis
884 2711 953 2773 filiis
968 2710 1161 2790 cognatisque
1172 2711 1257 2791 quasi
1270 2711 1350 2772 cultu
1366 2709 1499 2772 celebra-

272 2806 332 2858 tam
348 2815 414 2858 esse
430 2795 548 2858 dixeris.
584 2797 667 2859 Unde
682 2798 830 2859 Homerus
845 2797 887 2874 (in
902 2798 993 2861 11:11
1009 2795 1073 2877 99.)
1094 2795 1179 2858 dixit:
1202 2787 1329 2868 πάντες
1342 2792 1428 2876 ὕδωρ
1442 2792 1501 2859 uni

269 2893 353 2966 γαῖα
367 2885 539 2966 γένοισθε·
566 2890 594 2943 et
607 2883 755 2944 Pindarus
771 2883 867 2959 (Nem.
884 2884 1000 2963 v1.1.):
1024 2881 1055 2946 ἓν
1071 2883 1203 2967 ἀνδρῶν
1211 2929 1219 2956 ,
1237 2880 1270 2945 ἓν
1283 2884 1376 2946 θεῶν
1390 2883 1501 2964 γένος·

271 2968 304 3032 ἐκ
318 2972 399 3051 μιᾶς
413 2964 447 3032 δὲ
461 2969 604 3051 πνέομεν
617 2967 746 3053 narniis·
762 2968 959 3054 ἀμφότεροι.
1236 2989 1240 2996 ’

355 3055 479 3116 Versum
496 3053 571 3116 111:

510 3175 536 3237 οἱ
548 3169 658 3254 nir'e'rti
671 3172 785 3254 Κρόνον
799 3167 885 3253 ἦσαν,
901 3169 940 3236 ὅτ’
958 3171 1068 3252 οὐρανῷ
1083 3171 1259 3253 loltooltmn

272 3309 390 3371 uncinis
410 3308 532 3388 inclusit
551 3305 760 3384 Goettlingius‚
785 3314 818 3366 ut
837 3325 896 3367 non
913 3307 949 3367 ab
965 3305 1094 3366 Hesiodo
1116 3308 1291 3386 proiectum.
1322 3306 1497 3386 „Nusquam

272 3395 366 3465 enim,
386 3392 496 3472 inquit,
528 3392 674 3453 Saturnus
695 3390 802 3452 inuiis
818 3391 1150 3471 Olympicishahetur.“
1197 3391 1314 3464 Quibus
1329 3393 1499 3472 Lennepius

271 3478 314 3554 (iu
329 3473 404 3538 eom.
421 3477 458 3539 ad
473 3478 503 3539 h.
519 3479 558 3558 v.)
575 3477 669 3540 addit:
692 3480 798 3538 scilicet
811 3479 912 3538 locheri
925 3499 983 3538 non
993 3480 1096 3556 potnit,
1112 3499 1149 3537 en
1164 3499 1220 3556 quo
1235 3481 1358 3553 dejectos
1372 3481 1409 3540 ab
1423 3481 1498 3539 Jove

270 3573 311 3624 est
329 3565 459 3642 Olympo.
504 3562 644 3643 Agnoscit
658 3581 775 3624 versum
790 3563 937 3625 Diodorus
953 3561 1070 3624 Siculus
1086 3563 1130 3640 (V.
1147 3559 1225 3642 66.),
1250 3562 1301 3624 uhi
1316 3563 1443 3623 maxime
1459 3561 1495 3622 oh

227 3689 231 3704 .
272 3647 359 3709 Croni
375 3649 557 3711 mentionem
572 3656 665 3711 tntum
681 3649 779 3710 locum
800 3650 855 3726 (vv.
873 3646 1069 3728 111-121.)
1085 3647 1163 3709 citat.
1194 3647 1319 3727 Agnovit
1333 3665 1402 3708 eum
1418 3642 1493 3707 hand

272 3733 361 3796 duhic
382 3734 470 3795 etiam
492 3735 643 3797 Luciauus
666 3735 797 3810 (Saturn.
815 3755 839 3796 ο.
856 3731 886 3796 8.
907 3735 941 3794 Τ.
956 3733 1007 3794 111.
1023 3752 1052 3812 p.
1068 3731 1153 3813 391.)
1178 3741 1206 3795 et
1225 3733 1370 3795 Maximus
1391 3727 1494 3818 Tyrius

273 3819 410 3894 (xxxvl.
427 3840 452 3882 c.
470 3818 524 3900 1.),
549 3839 664 3882 memor
679 3839 796 3901 quoque
812 3820 865 3881 suit
887 3819 1061 3882 Eustathius
1084 3819 1133 3895 (ad
1150 3819 1204 3882 Od.
1220 3838 1249 3898 p.
1267 3817 1358 3882 1786,
1378 3815 1493 3892 eseqq.

272 3905 358 3966 Confi
381 3912 408 3965 et
428 3905 525 3967 Schol.
542 3907 613 3967 Ven.
637 3905 674 3967 ad
694 3906 727 3966 ll.
742 3909 786 3972 Α.
802 3904 897 3986 222).
940 3903 1038 3966 Latini
1061 3903 1180 3984 quidem
1205 3923 1308 3966 omnes
1330 3904 1496 3964 constanter

271 4007 395 4052 aureum
411 3991 544 4052 seculum
561 3992 616 4052 sub
629 3992 758 4053 Saturno
774 4000 803 4053 ct
814 3990 964 4071 antiquius
976 3991 1047 4051 Jove
1059 3988 1116 4050 sihi
1130 3989 1335 4060 informarunt,
1353 4003 1412 4046 non
1424 4003 1496 4046 saue

270 4071 311 4135 illi
324 4093 437 4149 omnm,
454 4077 532 4158 quod
545 4077 606 4141 vult
614 4077 819 4156 Goettlingius‚
836 4083 984 4138 auctorem
996 4075 1209 4137 dicaearchum
1220 4073 1320 4146 secuti,
1332 4079 1408 4133 teste
1420 4071 1497 4132 Leu-

271 4161 358 4306 qilepio
382 4161 413 4240 (l.
436 4163 482 4239 ο.)
528 4162 665 4242 Virgilius
691 4170 769 4224 certe
796 4161 842 4241 (G.
865 4163 888 4224 1.
913 4161 984 4226 125.
1007 4165 1101 4242 seqq.)
1125 4162 1281 4224 manifesto
1305 4165 1425 4221 secutus
1452 4163 1502 4216 cst

300 4246 443 4308 esiodum.

355 4332 471 4412 Jupiter
489 4332 607 4394 tertium
629 4352 737 4413 genuS,
762 4333 841 4414 quod
863 4351 982 4394 acreum
1004 4342 1137 4406 vocatur,
1161 4333 1195 4396 ἐκ
1216 4329 1500 4415 cotidianarium

272 4418 310 4496 (v.
328 4415 411 4494 145.)
427 4419 532 4491 fertum
556 4427 585 4478 at
599 4426 685 4498 poeta
701 4417 774 4480 nihil
790 4418 863 4479 certi
878 4417 975 4492 tradit,
992 4417 1068 4480 sicut
1082 4418 1119 4478 de
1133 4418 1288 4480 Pandorae
1304 4413 1402 4492 mytho
1418 4409 1497 4482 lecit,

271 4500 384 4563 seilicet
404 4503 654 4582 quemadmodum
674 4503 704 4565 id
723 4503 826 4565 lecerit
845 4505 976 4583 Jupiter3
999 4521 1086 4582 quam
1108 4501 1145 4562 ob
1166 4520 1229 4562 rem
1252 4501 1300 4563 hic
1319 4497 1402 4560 locus
1418 4494 1497 4559 haud

272 4587 358 4650 lacile
373 4587 567 4670 interpretatu
583 4597 636 4651 est.
671 4590 858 4669 Quamquam
874 4588 911 4653 ab
926 4587 1057 4650 Hesiodo
1071 4605 1165 4648 voces.
1175 4585 1210 4650 ἐκ
1223 4586 1345 4669 μελιᾶν
1359 4585 1499 4665 ποιῆσαι
