3336 5300
801 496 806 500 .
835 405 919 500 ...le

283 623 414 694 tandem,
430 621 580 700 permittit
625 624 719 694 Quam
735 625 774 686 oh
793 645 870 700 rem,
894 647 969 707 quae
984 629 1179 708 Goettlingius
1195 633 1233 709 (v.
1247 629 1314 716 41.)
1331 634 1413 695 dicit:
1432 640 1499 696 iaec

283 712 434 768 cohaerere
460 729 522 766 σανα
546 711 724 785 sequentibus
746 714 814 772 maizi
838 735 911 774 αοκ,
916 718 1075 791 persuadet
1107 719 1268 778 Welateraa
1298 721 1366 779 itit.
1388 723 1496 781 Aeacii.

278 815 311 870 p.
332 797 378 851 75.
396 802 470 864 cett,
487 790 650 871 abjicienda
667 803 744 856 sunt
779 797 901 858 Versum
915 795 968 860 42.
984 798 1105 878 respicit
1119 800 1281 864 Scholiasta
1296 803 1498 882 Aristophanis

283 876 324 950 (in
339 876 414 936 Plut.
427 875 488 945 90.)
504 885 533 936 et
545 876 681 955 Virgilius
694 879 735 954 (in
748 881 853 959 Georg.
866 882 888 942 1.
902 880 970 944 121.
1002 883 1063 946 Vid.
1080 877 1236 963 Go'artting.
1253 887 1288 946 ad
1301 887 1328 947 h.
1341 890 1393 962 v.):
1411 902 1502 966 pater

282 965 342 1038 ipre
358 963 469 1020 colendi
483 964 575 1020 Haud
579 964 703 1035 facilem
718 986 777 1026 esse
791 968 868 1028 viam
881 970 979 1028 οοίαίι.

369 1045 547 1105 Vocabulum
562 1044 668 1110 καλὸν
682 1067 785 1110 versus
800 1049 854 1114 63:

483 1170 693 1248 παρθενικῆς
708 1167 812 1233 καλὸν
825 1169 897 1242 εἶδος
912 1169 1059 1252 ἐπήρατον·
1075 1171 1166 1253 αὐτὰρ
1180 1172 1289 1254 Ἀθήνη

283 1282 383 1342 multis
396 1282 594 1344 recentiorum
611 1283 779 1346 criticorum
796 1305 935 1364 magnum
951 1291 1122 1368 scrupulum
1139 1291 1260 1370 objecit,
1275 1301 1415 1370 tanqrram
1430 1314 1500 1359 con·

282 1376 327 1427 tra
341 1385 454 1426 morem
470 1367 620 1448 epicorum
635 1369 694 1429 huo
710 1378 893 1450 correptum:
915 1371 1026 1433 ideirco
1044 1375 1140 1434 varias
1157 1371 1379 1455 proposuerunt
1401 1398 1499 1442 eman-

282 1453 424 1512 dationes.
453 1452 636 1512 Vocabulum
649 1459 882 1538 neccessarie,
907 1458 984 1535 quod
999 1457 1154 1536 probatum
1171 1461 1284 1540 Guyeto
1298 1481 1352 1541 pro
1367 1471 1495 1526 veterum

282 1537 355 1596 Edd.
367 1535 492 1596 lectione
503 1548 746 1617 παρθενικαῖς,
762 1541 876 1620 primus
888 1541 918 1601 in
928 1550 1094 1603 contextum
1106 1545 1218 1622 recepit
1227 1545 1379 1620 Graevius,
1393 1548 1497 1608 deindo

282 1621 403 1682 Bobius.
424 1621 565 1695 Lanzius,
591 1622 699 1702 aliique
719 1643 787 1686 cum
807 1626 911 1687 Procio
931 1628 1021 1707 (apud
1046 1628 1177 1706 Lennep.
1198 1629 1228 1690 in
1249 1649 1308 1691 var.
1327 1631 1441 1693 lection.
1463 1633 1499 1692 ad

282 1707 311 1767 h.
325 1711 375 1782 ν.)
406 1706 607 1784 Hermanuus,
629 1708 680 1787 qui
700 1711 832 1774 offensus
848 1712 884 1772 ad
899 1712 1074 1784 vocabulum
1096 1712 1200 1779 καλὸν
1219 1733 1336 1776 versum
1351 1715 1432 1776 hune
1448 1717 1500 1778 ha-

280 1791 386 1851 buerat
406 1791 581 1853 mendosum
603 1792 635 1854 in
655 1795 790 1874 Orphiois
817 1799 857 1872 (p.
878 1793 973 1871 817),
995 1797 1027 1856 in
1050 1798 1284 1875 Goettlingianae
1309 1817 1434 1860 censura
1457 1800 1500 1878 (in

281 1876 406 1955 Opusoc.
422 1877 468 1936 Vl.
484 1877 506 1936 Ι.
522 1893 551 1955 p.
566 1877 650 1950 224.)
666 1879 874 1954 corrigendum
893 1879 1007 1936 statuit:
1033 1885 1248 1958 παρθενικῆς
1267 1881 1359 1951 εἶδος·
1378 1883 1499 1964 πολυή-

280 1986 392 2040 ρατον.
436 1961 631 2038 Goettlingius
646 1960 695 2034 (ad
711 1961 738 2020 h.
754 1961 792 2035 v.)
809 1959 940 2036 corrigit:
962 1957 1067 2023 καλὸν
1089 1961 1265 2041 παρθένου
1286 1962 1382 2035 εἶδος.
1426 1965 1499 2026 Pro·

280 2043 390 2103 fectum
406 2043 442 2102 ab
457 2042 586 2102 Hesiodo
601 2041 644 2102 sic
659 2049 743 2120 putat
756 2042 925 2121 Leuuepius
941 2043 972 2116 (l.
989 2043 1042 2121 c.):
1066 2042 1266 2116 ἀθανάταὶς
1285 2043 1319 2108 δὲ
1331 2057 1436 2120 θεαῖς
1449 2049 1498 2122 εἰς

280 2121 356 2190 ὦπα
371 2127 493 2190 ἐΐσκειν
507 2137 750 2208 παρθενικαῖς,
769 2123 826 2191 καὶ
837 2128 957 2198 Fatuae
970 2126 1145 2209 ἐπήρατον.
1169 2127 1228 2188 Nos
1244 2147 1312 2189 vero
1328 2133 1418 2191 movit
1433 2151 1498 2194 ver-

281 2229 332 2271 sus
349 2209 398 2273 71.
414 2215 456 2285 (ει
470 2209 501 2270 in
517 2211 627 2288 Theog.
644 2230 668 2270 v.
686 2209 757 2274 572.
793 2211 875 2274 Conf.
891 2212 980 2272 etiam
994 2231 1020 2272 v.
1037 2210 1109 2276 514.
1124 2211 1191 2290 ib.):

540 2331 678 2411 παρθένῳ
693 2316 784 2412 αἰδοίῃ
797 2327 886 2418 ἴκελον
900 2331 1044 2414 Κρονίδεφ
1062 2327 1108 2394 διὰ
1122 2330 1238 2413 βουλὰς,
1358 2313 1361 2321 ¹

279 2457 314 2508 ut
325 2465 444 2510 versum
459 2446 510 2511 63.
526 2448 723 2509 scriberemus
738 2448 798 2508 sie:
1312 2421 1317 2428 ⁵
1422 2419 1430 2432 .
1462 2421 1465 2428 Δ

581 2568 719 2649 παρθένῳ
734 2561 827 2640 ἴκελον
835 2565 915 2642 εἶδος,
930 2565 1068 2648 ἐπήρατον
1082 2593 1108 2630 κ.
1124 2591 1148 2629 ε.
1162 2571 1186 2629 λ.

362 2683 405 2746 De
427 2684 608 2763 genuinitate
626 2703 728 2748 versus
746 2681 807 2756 76..
826 2684 911 2764 cujus
929 2683 1012 2746 locus
1031 2692 1097 2762 post
1114 2702 1232 2746 versum
1252 2683 1301 2746 72.
1319 2684 1365 2744 vix
1384 2693 1498 2748 exstare

278 2777 383 2849 potest,
398 2769 524 2833 multum
540 2769 714 2848 disputatur.
756 2770 880 2830 Versum
896 2767 945 2834 76.
962 2787 1029 2830 oum
1045 2789 1070 2829 v.
1089 2767 1138 2830 71.
1154 2776 1294 2848 tanquam
1310 2769 1447 2847 repetitos
1461 2790 1498 2832 ex

279 2855 450 2933 Theogonia
469 2854 658 2932 expellendos
675 2854 790 2916 consuit
805 2853 1000 2928 Ruhnkenius
1022 2853 1065 2930 (in
1081 2873 1126 2936 ep.
1144 2855 1207 2916 erit.
1223 2854 1246 2915 1.
1262 2873 1291 2932 p.
1305 2851 1384 2929 82),
1400 2855 1498 2932 omisit

277 2939 454 3010 Brunokius,
466 2938 584 3002 uncinis
594 2937 894 3002 inclusitiiindorfius
906 2938 995 3016 (coni.
1006 2937 1093 3001 etiarn
1104 2938 1251 3017 Heynium
1263 2939 1299 2998 ad
1311 2937 1344 2996 il.
1355 2945 1390 3002 Z.
1401 2937 1496 3016 419.)

278 3024 372 3084 Immo
387 3021 571 3094 Gaisfordius
586 3022 629 3100 (in
645 3024 756 3103 Thepg.
773 3045 797 3086 v.
811 3022 908 3099 570),
924 3042 1011 3102 quem
1026 3023 1213 3084 Hermannus
1229 3022 1258 3096 (l.
1273 3041 1297 3082 ο.
1310 3021 1435 3100 pum.)
1450 3042 1498 3084 se

279 3115 365 3170 cutus
379 3114 434 3180 est,
450 3126 567 3175 versum
584 3107 633 3172 72.
649 3109 745 3174 solum
760 3108 939 3188 ejiciendum
955 3106 1080 3182 censuit,
1122 3105 1329 3184 Goettlingium
1350 3107 1428 3172 male
1445 3109 1498 3170 ha-

279 3193 329 3253 het
343 3193 380 3253 de
394 3193 508 3254 Venere
522 3192 686 3265 silentium,
709 3194 794 3273 cujus
814 3199 882 3257 aute
897 3193 934 3262 (v.
951 3189 1015 3266 65.)
1031 3189 1138 3270 iniecta
1154 3189 1348 3266 φορήσεται
1377 3193 1445 3267 ‚sed
1461 3212 1497 3256 ex

278 3296 365 3339 versu
381 3276 444 3340 72.:
1336 3274 1339 3285 '

546 3397 616 3470 ζῶσε
630 3391 660 3458 ti
674 3391 722 3459 καὶ
736 3393 855 3476 κόσμησε
870 3385 930 3456 'risit
947 3395 1104 3476 γλαυκῶπα
1117 3373 1227 3474 Ἀ6ήνή

276 3511 437 3582 Minervam
458 3481 513 3594 pro
536 3531 589 3575 sua
611 3519 865 3593 postcommum,
890 3509 976 3592 quem
996 3510 1110 3590 Jupiter
1124 3509 1278 3572 Pandorae
1298 3512 1412 3592 corpori
1432 3509 1495 3588 fieri

274 3598 376 3678 jussit,
393 3597 500 3660 iecisse
515 3606 638 3668 constat,
654 3597 733 3681 quod
749 3597 785 3657 ad
801 3615 827 3655 v.
843 3593 910 3658 64:
1035 3601 1037 3608 “

331 3687 334 3696 ’
538 3715 605 3800 ἔργα
619 3718 792 3796 ὅνδασκῆσαε,
806 3687 1012 3779 πολοδαῶαλον
1026 3712 1103 3778 ἰστὸν
1115 3692 1240 3796 ήφαίνειν

275 3835 386 3914 optime
401 3835 539 3914 quadrat:
561 3833 629 3914 quia
645 3853 681 3894 ex
695 3851 739 3907 eo,
754 3831 773 3895 i.
790 3852 816 3902 e.
831 3833 1085 3898 πολυδαίδαλον
1099 3831 1194 3914 ἱστὸν
1208 3831 1372 3914 ὑφαίνειν,
1396 3839 1493 3881 ⁰¹1¹¹¹¹S

275 3928 398 3980 ornatus
412 3920 563 3998 proiectus
579 3928 637 3989 est,
658 3936 754 3996 neque
769 3917 919 3994 diuersum
935 3925 980 3978 est
999 3917 1035 3977 ab
1052 3935 1086 3976 εο
1106 3936 1216 3978 munus
1231 3916 1308 3996 quod
1328 3924 1426 3970 versus
1441 3903 1490 3967 72.

275 4003 426 4083 producit,
442 4009 475 4064 ut
486 4003 656 4082 Lennepius
671 4002 711 4063 ait
725 4002 768 4078 (in
778 4019 853 4063 com.
866 4016 909 4061 vv.
925 3999 1070 4064 70-76:
1092 4006 1218 4062 εεᾱοανα
1230 3995 1363 4062 Palladis
1372 4005 1493 4051 monem

275 4091 308 4149 in
326 4110 354 4148 ο.
379 4092 427 4148 72.
446 4099 474 4148 et
495 4091 543 4148 76.
565 4090 681 4150 &amaa
703 4089 740 4148 ab
761 4089 889 4164 injuncto
911 4089 939 4146 εἰ
959 4106 1074 4147 monere
1095 4108 1124 4146 ο.
1147 4085 1236 4169 647.Ι
1260 4080 1343 4140 Nunc
1366 4093 1434 4136 vero
1458 4093 1492 4132 ex

276 4191 364 4233 versu
380 4170 433 4236 76:
538 4191 539 4195 ¹

449 4288 546 4380 πάντα
561 4257 595 4355 δή
605 4291 632 4355 οἱ
646 4288 850 4374 χροῒκόσμον
865 4288 1034 4372 ἐφήρμοσε
1049 4285 1194 4356 Παλλὰς
1207 4278 1325 4364 Ἀθήνη

273 4397 566 4487 οἰεαειιιεΡοΗεᾱίε
590 4443 700 4487 munus
715 4426 877 4504 profertur,
896 4424 976 4505 mrod
990 4432 1173 4486 tamencum
1189 4410 1428 4508 anmcedeutiirus
1442 4428 1495 4488 ap·

274 4509 387 4571 tissime
400 4510 550 4589 congruit:
566 4510 599 4573 in
615 4511 672 4572 hoc
686 4509 764 4571 enim
779 4509 906 4591 κόσμον
919 4506 1089 4590 ἐφήρμοσε
1099 4502 1220 4581 iegitur,
1240 4500 1259 4561 i.
1276 4519 1302 4560 e.
1317 4513 1429 4560 varrum
1444 4511 1493 4557 or-
