3326 5308
632 2009 956 2071 OORRIGENDA.

255 2195 314 2241 pag.
325 2183 348 2227 3.
360 2195 384 2226 v.
397 2183 419 2227 7.
429 2195 475 2240 pro
485 2182 518 2226 D.
531 2182 588 2240 lege
600 2180 630 2225 A.
640 2182 673 2226 1).
687 2205 717 2212 —-
730 2195 788 2240 pag.
802 2183 825 2226 5.
838 2194 862 2224 v.
876 2181 915 2224 14.
928 2193 975 2238 pro
986 2177 1035 2240 μαὶ
1048 2181 1104 2238 lege
1117 2177 1161 2224 καὶ
1172 2203 1205 2212 -
1216 2193 1274 2240 pog.
1287 2182 1311 2226 8.
1323 2193 1348 2224 v.
1362 2180 1403 2226 ³5.

188 2263 236 2308 pro
249 2249 314 2294 hano
327 2247 522 2305 comprobamus
534 2248 592 2305 lege
604 2247 670 2292 houd
684 2247 874 2305 comprobamus
883 2270 916 2278 —
925 2259 984 2305 pag.
996 2247 1033 2292 12.
1044 2261 1068 2291 v.
1082 2248 1122 2292 43.
1134 2259 1181 2306 pro
1194 2239 1336 2306 ἀτάσχαλα
1347 2249 1404 2306 loge

188 2308 337 2361 ἀτάσθαλα
349 2337 382 2346 -
394 2327 455 2373 pag.
469 2315 510 2359 31.
520 2327 545 2361 v.
558 2314 598 2360 42.
610 2328 659 2373 pro
673 2311 771 2373 ὃέχακτα
783 2315 841 2373 lege
855 2310 956 2372 δέχεται
967 2339 1000 2347 -
1011 2328 1071 2374 pag.
1084 2315 1125 2363 33.
1137 2329 1161 2360 v.
1176 2315 1214 2362 14.
1227 2327 1272 2374 pro
1284 2312 1328 2360 καὶ
1338 2313 1405 2377 χειρὶ

188 2384 247 2441 lege
263 2376 299 2444 μὴ
315 2377 382 2444 χειρὶ
398 2404 432 2413 -
447 2395 506 2440 pag.
526 2382 566 2426 34.
583 2396 608 2430 v.
627 2384 666 2428 17.
683 2395 729 2441 pro
747 2382 859 2442 Longius
876 2384 934 2442 lege
950 2382 1060 2428 Lonzius
1077 2405 1110 2414 -—
1125 2396 1184 2442 pag.
1203 2384 1242 2430 39,
1259 2397 1283 2428 v.
1301 2383 1342 2428 42.
1359 2396 1405 2441 pro

190 2447 301 2496 Μιτυῶν
310 2450 368 2509 logo
378 2445 487 2494 Μινυῶν
496 2473 529 2482 -
537 2462 596 2509 pag.
608 2451 648 2497 43.
658 2464 682 2495 v.
694 2451 734 2496 24.
742 2463 789 2510 pro
799 2455 825 2496 et
835 2450 974 2510 Goettling.
983 2452 1040 2510 loge
1051 2449 1090 2496 ed.
1101 2449 1241 2510 Goettling.
1250 2475 1284 2483 -
1295 2463 1355 2510 pag.
1364 2451 1406 2496 44.

189 2532 214 2564 v.
228 2519 268 2565 40.
281 2531 328 2577 pro
340 2513 428 2564 ἐλθεὶν
440 2519 497 2576 lego
510 2512 642 2564 ἐλθεῖν-
653 2532 712 2578 pag.
725 2520 766 2565 45,
776 2532 800 2566 v.
814 2520 854 2566 43.
866 2533 913 2580 pro
925 2523 1016 2579 poetae
1029 2531 1128 2565 carmon
1142 2519 1198 2577 lego
1210 2523 1286 2578 poeta
1297 2531 1406 2566 carmen.
