<?xml version="1.0" encoding="UTF-8"?>
<!DOCTYPE html PUBLIC "-//W3C//DTD XHTML 1.0 Transitional//EN"
    "http://www.w3.org/TR/xhtml1/DTD/xhtml1-transitional.dtd">
<html xmlns="http://www.w3.org/1999/xhtml" xml:lang="en" lang="en">
 <head>
  <title>
</title>
<meta http-equiv="Content-Type" content="text/html;charset=utf-8" />
  <meta name='ocr-system' content='tesseract 3.04.00' />
  <meta name='ocr-capabilities' content='ocr_page ocr_carea ocr_par ocr_line ocrx_word'/>
</head>
<body>
  <div class='ocr_page' id='page_1' title='image "./dehesiodicarmin00kappgoog_0032.png"; bbox 0 0 3326 5308; ppageno 0'>
   <div class='ocr_carea' id='block_1_1' title="bbox 732 359 900 465">
    <p class='ocr_par' dir='ltr' id='par_1_1' title="bbox 732 359 900 465">
     <span class='ocr_line' id='line_1_1' title="bbox 732 359 900 465; baseline -0.006 0"><span class='ocrx_word' id='word_1_1' title='bbox 732 359 840 465; x_wconf 60' lang='lat' dir='ltr'><strong><em>a..</em></strong></span> <span class='ocrx_word' id='word_1_2' title='bbox 860 457 900 464; x_wconf 74' lang='grc'><strong><em>,-</em></strong></span> 
     </span>
    </p>
   </div>
   <div class='ocr_carea' id='block_1_2' title="bbox 182 578 1416 1682">
    <p class='ocr_par' dir='ltr' id='par_1_2' title="bbox 182 578 1416 1682">
     <span class='ocr_line' id='line_1_2' title="bbox 185 578 1412 671; baseline -0.009 -18"><span class='ocrx_word' id='word_1_3' title='bbox 185 590 316 671; x_wconf 81' lang='grc' dir='ltr'><strong><em>δαιμονίᾳ</em></strong></span> <span class='ocrx_word' id='word_1_4' title='bbox 336 587 407 652; x_wconf 82' lang='grc' dir='ltr'><strong><em>δόσει</em></strong></span> <span class='ocrx_word' id='word_1_5' title='bbox 425 584 473 650; x_wconf 81' lang='grc' dir='ltr'><strong><em>καί</em></strong></span> <span class='ocrx_word' id='word_1_6' title='bbox 488 585 554 668; x_wconf 72' lang='lat' dir='ltr'><strong><em>cipp</em></strong></span> <span class='ocrx_word' id='word_1_7' title='bbox 570 585 674 668; x_wconf 80' lang='grc' dir='ltr'><strong><em>δηλαδὴ</em></strong></span> <span class='ocrx_word' id='word_1_8' title='bbox 689 582 737 647; x_wconf 81' lang='lat' dir='ltr'><strong><em>uui</em></strong></span> <span class='ocrx_word' id='word_1_9' title='bbox 752 587 786 664; x_wconf 75' lang='grc' dir='ltr'><strong><em>τῇ</em></strong></span> <span class='ocrx_word' id='word_1_10' title='bbox 804 582 891 658; x_wconf 84' lang='grc' dir='ltr'><strong><em>τοίξιι.</em></strong></span> <span class='ocrx_word' id='word_1_11' title='bbox 915 617 956 628; x_wconf 82' lang='lat'><strong><em>-·-</em></strong></span> <span class='ocrx_word' id='word_1_12' title='bbox 979 584 1110 666; x_wconf 83' lang='grc' dir='ltr'><strong><em>Δαίμονι·</em></strong></span> <span class='ocrx_word' id='word_1_13' title='bbox 1132 587 1166 662; x_wconf 75' lang='grc' dir='ltr'><strong><em>τῇ</em></strong></span> <span class='ocrx_word' id='word_1_14' title='bbox 1188 579 1255 662; x_wconf 77' lang='grc' dir='ltr'><strong><em>τύχη</em></strong></span> <span class='ocrx_word' id='word_1_15' title='bbox 1276 587 1306 640; x_wconf 88' lang='lat' dir='ltr'><strong><em>et</em></strong></span> <span class='ocrx_word' id='word_1_16' title='bbox 1328 578 1412 652; x_wconf 81' lang='grc' dir='ltr'><strong><em>σίας·</em></strong></span> 
     </span>
     <span class='ocr_line' id='line_1_3' title="bbox 185 664 1413 751; baseline -0.011 -13"><span class='ocrx_word' id='word_1_17' title='bbox 185 674 296 745; x_wconf 76' lang='grc' dir='ltr'><strong><em>ὁποῖος,</em></strong></span> <span class='ocrx_word' id='word_1_18' title='bbox 318 673 395 732; x_wconf 86' lang='lat' dir='ltr'><strong><em>unde</em></strong></span> <span class='ocrx_word' id='word_1_19' title='bbox 411 669 610 751; x_wconf 80' lang='lat' dir='ltr'><strong><em>emendenda,</em></strong></span> <span class='ocrx_word' id='word_1_20' title='bbox 634 669 757 749; x_wconf 81' lang='lat' dir='ltr'><strong><em>quaein</em></strong></span> <span class='ocrx_word' id='word_1_21' title='bbox 778 668 830 728; x_wconf 76' lang='lat' dir='ltr'><strong><em>ild.</em></strong></span> <span class='ocrx_word' id='word_1_22' title='bbox 847 667 988 728; x_wconf 85' lang='lat' dir='ltr'><strong><em>Loesucri</em></strong></span> <span class='ocrx_word' id='word_1_23' title='bbox 1010 667 1165 728; x_wconf 76' lang='lat' dir='ltr'><strong>exhibetur</strong></span> <span class='ocrx_word' id='word_1_24' title='bbox 1179 665 1342 744; x_wconf 80' lang='lat' dir='ltr'><strong><em>Augustani</em></strong></span> <span class='ocrx_word' id='word_1_25' title='bbox 1358 664 1413 724; x_wconf 85' lang='lat' dir='ltr'><strong><em>Co·</em></strong></span> 
     </span>
     <span class='ocr_line' id='line_1_4' title="bbox 187 747 1412 836; baseline -0.007 -18"><span class='ocrx_word' id='word_1_26' title='bbox 187 758 261 818; x_wconf 82' lang='lat' dir='ltr'><strong><em>dicis</em></strong></span> <span class='ocrx_word' id='word_1_27' title='bbox 277 757 386 834; x_wconf 80' lang='lat' dir='ltr'>glossa,</span> <span class='ocrx_word' id='word_1_28' title='bbox 410 755 493 828; x_wconf 81' lang='grc' dir='ltr'><strong><em>οἷος·</em></strong></span> <span class='ocrx_word' id='word_1_29' title='bbox 516 752 623 836; x_wconf 77' lang='grc' dir='ltr'><strong><em>ὅμοιος,</em></strong></span> <span class='ocrx_word' id='word_1_30' title='bbox 647 773 715 815; x_wconf 92' lang='lat' dir='ltr'><strong><em>cum</em></strong></span> <span class='ocrx_word' id='word_1_31' title='bbox 739 753 896 832; x_wconf 79' lang='lat' dir='ltr'>praecedat</span> <span class='ocrx_word' id='word_1_32' title='bbox 917 753 956 812; x_wconf 88' lang='lat' dir='ltr'><strong><em>ihi</em></strong></span> <span class='ocrx_word' id='word_1_33' title='bbox 973 771 1091 832; x_wconf 83' lang='lat' dir='ltr'><strong><em>quoquo</em></strong></span> <span class='ocrx_word' id='word_1_34' title='bbox 1113 753 1258 831; x_wconf 88' lang='grc' dir='ltr'><strong><em>δαίμονι·</em></strong></span> <span class='ocrx_word' id='word_1_35' title='bbox 1283 747 1412 830; x_wconf 80' lang='grc' dir='ltr'><strong><em>τήτίχη.</em></strong></span> 
     </span>
     <span class='ocr_line' id='line_1_5' title="bbox 188 834 1412 920; baseline -0.01 -16"><span class='ocrx_word' id='word_1_36' title='bbox 188 845 289 920; x_wconf 87' lang='lat' dir='ltr'><strong><em>Itaque</em></strong></span> <span class='ocrx_word' id='word_1_37' title='bbox 311 845 488 905; x_wconf 75' lang='lat' dir='ltr'><strong><em>Graecorum</em></strong></span> <span class='ocrx_word' id='word_1_38' title='bbox 512 845 707 918; x_wconf 78' lang='lat' dir='ltr'><strong><em>Interpretare</em></strong></span> <span class='ocrx_word' id='word_1_39' title='bbox 727 859 821 910; x_wconf 82' lang='lat' dir='ltr'><strong><em>uerno,</em></strong></span> <span class='ocrx_word' id='word_1_40' title='bbox 845 841 923 916; x_wconf 82' lang='lat' dir='ltr'><strong><em>qaod</em></strong></span> <span class='ocrx_word' id='word_1_41' title='bbox 941 839 1043 910; x_wconf 77' lang='lat' dir='ltr'><strong><em>uciaoc,</em></strong></span> <span class='ocrx_word' id='word_1_42' title='bbox 1066 836 1238 916; x_wconf 85' lang='lat' dir='ltr'><strong><em>Louuepius</em></strong></span> <span class='ocrx_word' id='word_1_43' title='bbox 1261 835 1301 899; x_wconf 81' lang='lat' dir='ltr'><strong><em>ait</em></strong></span> <span class='ocrx_word' id='word_1_44' title='bbox 1316 834 1346 909; x_wconf 80' lang='lat' dir='ltr'><strong><em>(l.</em></strong></span> <span class='ocrx_word' id='word_1_45' title='bbox 1363 834 1412 909; x_wconf 74' lang='lat' dir='ltr'><strong><em>a),</em></strong></span> 
     </span>
     <span class='ocr_line' id='line_1_6' title="bbox 191 921 1412 1006; baseline -0.011 -16"><span class='ocrx_word' id='word_1_46' title='bbox 191 929 298 1006; x_wconf 76' lang='lat' dir='ltr'><strong><em>(iuqeto</em></strong></span> <span class='ocrx_word' id='word_1_47' title='bbox 310 929 445 1006; x_wconf 79' lang='lat' dir='ltr'><strong><em>praeivit,</em></strong></span> <span class='ocrx_word' id='word_1_48' title='bbox 461 947 519 986; x_wconf 80' lang='lat' dir='ltr'><strong><em>ecoe</em></strong></span> <span class='ocrx_word' id='word_1_49' title='bbox 534 929 579 988; x_wconf 84' lang='grc' dir='ltr'><strong><em>Ιιὶο</em></strong></span> <span class='ocrx_word' id='word_1_50' title='bbox 598 924 672 998; x_wconf 75' lang='grc' dir='ltr'><strong><em>οἷος</em></strong></span> <span class='ocrx_word' id='word_1_51' title='bbox 681 947 738 1004; x_wconf 90' lang='lat' dir='ltr'><strong><em>pro</em></strong></span> <span class='ocrx_word' id='word_1_52' title='bbox 753 921 869 1005; x_wconf 82' lang='grc' dir='ltr'><strong><em>ὅμοιος</em></strong></span> <span class='ocrx_word' id='word_1_53' title='bbox 883 927 1009 1000; x_wconf 77' lang='lat' dir='ltr'><strong><em>paritum</em></strong></span> <span class='ocrx_word' id='word_1_54' title='bbox 1025 925 1158 983; x_wconf 77' lang='lat' dir='ltr'><em>tradenti.</em></span> <span class='ocrx_word' id='word_1_55' title='bbox 1204 925 1303 998; x_wconf 88' lang='lat' dir='ltr'><strong><em>Neque</em></strong></span> <span class='ocrx_word' id='word_1_56' title='bbox 1317 930 1412 978; x_wconf 84' lang='lat' dir='ltr'><strong><em>tamen</em></strong></span> 
     </span>
     <span class='ocr_line' id='line_1_7' title="bbox 183 1009 1412 1090; baseline -0.007 -18"><span class='ocrx_word' id='word_1_57' title='bbox 183 1016 295 1090; x_wconf 74' lang='lat' dir='ltr'><strong><em>primae</em></strong></span> <span class='ocrx_word' id='word_1_58' title='bbox 321 1015 362 1071; x_wconf 76' lang='lat' dir='ltr'><strong><em>ric</em></strong></span> <span class='ocrx_word' id='word_1_59' title='bbox 389 1015 496 1072; x_wconf 78' lang='lat' dir='ltr'><strong><em>cenacit</em></strong></span> <span class='ocrx_word' id='word_1_60' title='bbox 520 1011 658 1089; x_wconf 63' lang='lat' dir='ltr'><strong><em>appears.</em></strong></span> <span class='ocrx_word' id='word_1_61' title='bbox 705 1015 837 1086; x_wconf 86' lang='lat' dir='ltr'><strong><em>Namque</em></strong></span> <span class='ocrx_word' id='word_1_62' title='bbox 862 1011 992 1068; x_wconf 71' lang='lat' dir='ltr'><strong><em>similiter</em></strong></span> <span class='ocrx_word' id='word_1_63' title='bbox 1021 1017 1194 1086; x_wconf 68' lang='lat' dir='ltr'><strong><em>reposuerat</em></strong></span> <span class='ocrx_word' id='word_1_64' title='bbox 1218 1009 1412 1078; x_wconf 80' lang='grc' dir='ltr'><strong><em>Μιίαιιοίιιονι,</em></strong></span> 
     </span>
     <span class='ocr_line' id='line_1_8' title="bbox 187 1092 1414 1174; baseline -0.01 -16"><span class='ocrx_word' id='word_1_65' title='bbox 187 1101 339 1174; x_wconf 73' lang='lat' dir='ltr'><strong><em>Latinique</em></strong></span> <span class='ocrx_word' id='word_1_66' title='bbox 365 1099 541 1174; x_wconf 80' lang='lat' dir='ltr'><strong><em>Iotapretec</em></strong></span> <span class='ocrx_word' id='word_1_67' title='bbox 572 1096 771 1160; x_wconf 80' lang='lat' dir='ltr'><strong><em>reddiderant,</em></strong></span> <span class='ocrx_word' id='word_1_68' title='bbox 799 1095 890 1172; x_wconf 81' lang='lat' dir='ltr'><strong><em>liqata</em></strong></span> <span class='ocrx_word' id='word_1_69' title='bbox 916 1096 1046 1154; x_wconf 81' lang='lat' dir='ltr'><strong><em>oratioue</em></strong></span> <span class='ocrx_word' id='word_1_70' title='bbox 1073 1094 1177 1154; x_wconf 78' lang='lat' dir='ltr'><strong><em>Valla.-</em></strong></span> <span class='ocrx_word' id='word_1_71' title='bbox 1210 1095 1274 1151; x_wconf 69' lang='grc' dir='ltr'><strong><em>θαι</em></strong></span> <span class='ocrx_word' id='word_1_72' title='bbox 1293 1092 1414 1168; x_wconf 70' lang='lat' dir='ltr'><strong><em>Superis</em></strong></span> 
     </span>
     <span class='ocr_line' id='line_1_9' title="bbox 185 1179 1412 1260; baseline -0.007 -18"><span class='ocrx_word' id='word_1_73' title='bbox 185 1185 354 1260; x_wconf 78' lang='grc' dir='ltr'><strong><em>σιηιιαυιίυο</em></strong></span> <span class='ocrx_word' id='word_1_74' title='bbox 378 1203 439 1253; x_wconf 79' lang='grc' dir='ltr'><strong><em>ναι,</em></strong></span> <span class='ocrx_word' id='word_1_75' title='bbox 463 1185 517 1240; x_wconf 88' lang='lat' dir='ltr'><strong><em>alii</em></strong></span> <span class='ocrx_word' id='word_1_76' title='bbox 540 1183 651 1239; x_wconf 79' lang='lat' dir='ltr'><strong><em>colata.-</em></strong></span> <span class='ocrx_word' id='word_1_77' title='bbox 674 1184 715 1242; x_wconf 84' lang='lat' dir='ltr'><strong><em>Et</em></strong></span> <span class='ocrx_word' id='word_1_78' title='bbox 738 1183 802 1238; x_wconf 88' lang='lat' dir='ltr'><strong><em>Deo</em></strong></span> <span class='ocrx_word' id='word_1_79' title='bbox 824 1181 924 1238; x_wconf 79' lang='lat' dir='ltr'><strong><em>cimilia</em></strong></span> <span class='ocrx_word' id='word_1_80' title='bbox 939 1181 1047 1253; x_wconf 65' lang='lat' dir='ltr'><strong><em>saera.</em></strong></span> <span class='ocrx_word' id='word_1_81' title='bbox 1092 1179 1189 1240; x_wconf 77' lang='lat' dir='ltr'><strong><em>Secuti</em></strong></span> <span class='ocrx_word' id='word_1_82' title='bbox 1207 1186 1302 1235; x_wconf 88' lang='lat' dir='ltr'><strong><em>autem</em></strong></span> <span class='ocrx_word' id='word_1_83' title='bbox 1325 1179 1412 1234; x_wconf 85' lang='lat' dir='ltr'><strong><em>iuter·</em></strong></span> 
     </span>
     <span class='ocr_line' id='line_1_10' title="bbox 182 1262 1416 1344; baseline -0.007 -17"><span class='ocrx_word' id='word_1_84' title='bbox 182 1269 373 1344; x_wconf 83' lang='lat' dir='ltr'><strong><em>pretationem</em></strong></span> <span class='ocrx_word' id='word_1_85' title='bbox 394 1269 469 1326; x_wconf 81' lang='lat' dir='ltr'><strong><em>tuaac</em></strong></span> <span class='ocrx_word' id='word_1_86' title='bbox 483 1266 671 1324; x_wconf 72' lang='lat' dir='ltr'><strong><em>armatorum</em></strong></span> <span class='ocrx_word' id='word_1_87' title='bbox 688 1266 822 1342; x_wconf 78' lang='lat' dir='ltr'><strong><em>plerique</em></strong></span> <span class='ocrx_word' id='word_1_88' title='bbox 837 1274 864 1323; x_wconf 83' lang='lat' dir='ltr'><strong><em>et</em></strong></span> <span class='ocrx_word' id='word_1_89' title='bbox 877 1265 1066 1324; x_wconf 69' lang='lat' dir='ltr'><strong><em>receptoriae</em></strong></span> <span class='ocrx_word' id='word_1_90' title='bbox 1082 1267 1107 1322; x_wconf 92' lang='lat' dir='ltr'><strong><em>l.</em></strong></span> <span class='ocrx_word' id='word_1_91' title='bbox 1123 1265 1164 1322; x_wconf 87' lang='lat' dir='ltr'><strong><em>H.</em></strong></span> <span class='ocrx_word' id='word_1_92' title='bbox 1189 1264 1311 1324; x_wconf 79' lang='lat' dir='ltr'><strong><em>Voooiuo.</em></strong></span> <span class='ocrx_word' id='word_1_93' title='bbox 1356 1262 1416 1320; x_wconf 79' lang='lat' dir='ltr'><strong><em>Sea</em></strong></span> 
     </span>
     <span class='ocr_line' id='line_1_11' title="bbox 186 1343 1414 1432; baseline -0.008 -20"><span class='ocrx_word' id='word_1_94' title='bbox 186 1351 301 1432; x_wconf 82' lang='grc' dir='ltr'><strong><em>ἔησθα</em></strong></span> <span class='ocrx_word' id='word_1_95' title='bbox 323 1361 364 1409; x_wconf 78' lang='grc' dir='ltr'><strong><em>σοι</em></strong></span> <span class='ocrx_word' id='word_1_96' title='bbox 379 1370 456 1420; x_wconf 79' lang='lat' dir='ltr'><strong><em>erac,</em></strong></span> <span class='ocrx_word' id='word_1_97' title='bbox 480 1371 538 1408; x_wconf 85' lang='lat' dir='ltr'><strong><em>aaa</em></strong></span> <span class='ocrx_word' id='word_1_98' title='bbox 552 1352 665 1424; x_wconf 80' lang='lat' dir='ltr'><strong><em>suerio:</em></strong></span> <span class='ocrx_word' id='word_1_99' title='bbox 687 1355 772 1430; x_wconf 73' lang='lat' dir='ltr'><strong><em>atque</em></strong></span> <span class='ocrx_word' id='word_1_100' title='bbox 787 1354 955 1425; x_wconf 81' lang='lat' dir='ltr'><strong><em>utfortuooe</em></strong></span> <span class='ocrx_word' id='word_1_101' title='bbox 970 1351 1127 1423; x_wconf 83' lang='lat' dir='ltr'><strong><em>fereadum</em></strong></span> <span class='ocrx_word' id='word_1_102' title='bbox 1142 1349 1179 1406; x_wconf 82' lang='lat' dir='ltr'><strong><em>cit</em></strong></span> <span class='ocrx_word' id='word_1_103' title='bbox 1194 1368 1258 1406; x_wconf 80' lang='lat' dir='ltr'><strong><em>eras</em></strong></span> <span class='ocrx_word' id='word_1_104' title='bbox 1267 1368 1325 1424; x_wconf 89' lang='lat' dir='ltr'><strong><em>pro</em></strong></span> <span class='ocrx_word' id='word_1_105' title='bbox 1335 1343 1414 1404; x_wconf 76' lang='lat' dir='ltr'><strong><em>&#39;eroes</em></strong></span> 
     </span>
     <span class='ocr_line' id='line_1_12' title="bbox 186 1426 1414 1516; baseline -0.002 -21"><span class='ocrx_word' id='word_1_106' title='bbox 186 1435 257 1512; x_wconf 81' lang='lat' dir='ltr'><strong><em>(oid.</em></strong></span> <span class='ocrx_word' id='word_1_107' title='bbox 274 1439 462 1492; x_wconf 83' lang='lat' dir='ltr'><strong><em>Hermaauuc</em></strong></span> <span class='ocrx_word' id='word_1_108' title='bbox 477 1435 518 1493; x_wconf 83' lang='lat' dir='ltr'><strong><em>ad</em></strong></span> <span class='ocrx_word' id='word_1_109' title='bbox 538 1435 628 1514; x_wconf 86' lang='lat' dir='ltr'><strong><em>Viqer.</em></strong></span> <span class='ocrx_word' id='word_1_110' title='bbox 640 1457 672 1512; x_wconf 93' lang='lat' dir='ltr'><strong><em>p.</em></strong></span> <span class='ocrx_word' id='word_1_111' title='bbox 693 1435 786 1516; x_wconf 83' lang='lat'><strong><em>820.)‚</em></strong></span> <span class='ocrx_word' id='word_1_112' title='bbox 811 1445 883 1497; x_wconf 83' lang='lat' dir='ltr'><strong><em>certe</em></strong></span> <span class='ocrx_word' id='word_1_113' title='bbox 893 1435 1018 1512; x_wconf 81' lang='lat' dir='ltr'><strong><em>probari</em></strong></span> <span class='ocrx_word' id='word_1_114' title='bbox 1031 1434 1127 1511; x_wconf 84' lang='lat' dir='ltr'><strong><em>aequit</em></strong></span> <span class='ocrx_word' id='word_1_115' title='bbox 1142 1429 1212 1502; x_wconf 85' lang='grc' dir='ltr'><strong><em>οἷος</em></strong></span> <span class='ocrx_word' id='word_1_116' title='bbox 1222 1453 1279 1508; x_wconf 84' lang='lat' dir='ltr'><strong><em>pro</em></strong></span> <span class='ocrx_word' id='word_1_117' title='bbox 1295 1426 1414 1510; x_wconf 74' lang='grc' dir='ltr'><strong><em>ὅμοιος</em></strong></span> 
     </span>
     <span class='ocr_line' id='line_1_13' title="bbox 186 1513 1411 1599; baseline -0.002 -23"><span class='ocrx_word' id='word_1_118' title='bbox 186 1522 299 1576; x_wconf 80' lang='lat' dir='ltr'><strong><em>dictum.</em></strong></span> <span class='ocrx_word' id='word_1_119' title='bbox 345 1517 522 1580; x_wconf 84' lang='lat' dir='ltr'><strong><em>Schaeierus</em></strong></span> <span class='ocrx_word' id='word_1_120' title='bbox 541 1521 745 1597; x_wconf 83' lang='lat' dir='ltr'><strong><em>reponendum</em></strong></span> <span class='ocrx_word' id='word_1_121' title='bbox 765 1520 814 1580; x_wconf 89' lang='lat' dir='ltr'><strong><em>hic</em></strong></span> <span class='ocrx_word' id='word_1_122' title='bbox 829 1518 1018 1580; x_wconf 85' lang='lat' dir='ltr'><strong><em>Homericum</em></strong></span> <span class='ocrx_word' id='word_1_123' title='bbox 1043 1519 1180 1599; x_wconf 75' lang='grc' dir='ltr'><strong><em>δαίμονι</em></strong></span> <span class='ocrx_word' id='word_1_124' title='bbox 1195 1516 1267 1588; x_wconf 73' lang='grc' dir='ltr'><strong><em>ἶσος</em></strong></span> <span class='ocrx_word' id='word_1_125' title='bbox 1287 1513 1411 1584; x_wconf 83' lang='lat' dir='ltr'><strong><em>censuit,</em></strong></span> 
     </span>
     <span class='ocr_line' id='line_1_14' title="bbox 191 1602 743 1682; baseline 0.004 -22"><span class='ocrx_word' id='word_1_126' title='bbox 191 1609 220 1660; x_wconf 90' lang='lat' dir='ltr'><strong><em>et</em></strong></span> <span class='ocrx_word' id='word_1_127' title='bbox 234 1621 287 1680; x_wconf 89' lang='lat' dir='ltr'><strong><em>pro</em></strong></span> <span class='ocrx_word' id='word_1_128' title='bbox 303 1609 446 1680; x_wconf 88' lang='lat' dir='ltr'><strong><em>sequente</em></strong></span> <span class='ocrx_word' id='word_1_129' title='bbox 461 1602 667 1681; x_wconf 70' lang='lat' dir='ltr'><strong><em>collegendum</em></strong></span> <span class='ocrx_word' id='word_1_130' title='bbox 683 1608 743 1682; x_wconf 77' lang='lat' dir='ltr'><strong><em>aqi:</em></strong></span> 
     </span>
    </p>
   </div>
   <div class='ocr_carea' id='block_1_3' title="bbox 393 1719 1164 1804">
    <p class='ocr_par' dir='ltr' id='par_1_3' title="bbox 393 1719 1164 1804">
     <span class='ocr_line' id='line_1_15' title="bbox 393 1719 1164 1804; baseline 0.005 -26"><span class='ocrx_word' id='word_1_131' title='bbox 393 1771 396 1778; x_wconf 88' lang='lat'>.</span> <span class='ocrx_word' id='word_1_132' title='bbox 432 1721 540 1802; x_wconf 89' lang='grc' dir='ltr'><strong><em>δαίμονι</em></strong></span> <span class='ocrx_word' id='word_1_133' title='bbox 556 1719 583 1784; x_wconf 80' lang='grc' dir='ltr'><strong><em>δ’</em></strong></span> <span class='ocrx_word' id='word_1_134' title='bbox 601 1721 660 1794; x_wconf 79' lang='grc' dir='ltr'><strong><em>ἶσος</em></strong></span> <span class='ocrx_word' id='word_1_135' title='bbox 676 1721 839 1804; x_wconf 85' lang='grc' dir='ltr'><strong><em>ἔησθα,τῴ</em></strong></span> <span class='ocrx_word' id='word_1_136' title='bbox 855 1720 1024 1804; x_wconf 68' lang='grc' dir='ltr'><strong><em>ἐργάζεσθαι</em></strong></span> <span class='ocrx_word' id='word_1_137' title='bbox 1041 1721 1164 1802; x_wconf 80' lang='grc' dir='ltr'><strong><em>ἄμεινον·</em></strong></span> 
     </span>
    </p>
   </div>
   <div class='ocr_carea' id='block_1_4' title="bbox 186 1831 1414 2022">
    <p class='ocr_par' dir='ltr' id='par_1_4' title="bbox 186 1831 1414 2022">
     <span class='ocr_line' id='line_1_16' title="bbox 187 1831 1414 1936; baseline -0.001 -20"><span class='ocrx_word' id='word_1_138' title='bbox 187 1873 275 1936; x_wconf 87' lang='lat' dir='ltr'><strong><em>quarn</em></strong></span> <span class='ocrx_word' id='word_1_139' title='bbox 307 1855 510 1936; x_wconf 84' lang='lat' dir='ltr'><strong><em>conjecturum</em></strong></span> <span class='ocrx_word' id='word_1_140' title='bbox 541 1855 692 1936; x_wconf 88' lang='lat' dir='ltr'><strong><em>Spohuius</em></strong></span> <span class='ocrx_word' id='word_1_141' title='bbox 724 1865 752 1916; x_wconf 88' lang='lat' dir='ltr'><strong><em>et</em></strong></span> <span class='ocrx_word' id='word_1_142' title='bbox 776 1831 947 1918; x_wconf 82' lang='lat' dir='ltr'><strong><em>iliodoriius</em></strong></span> <span class='ocrx_word' id='word_1_143' title='bbox 973 1857 1004 1917; x_wconf 90' lang='lat' dir='ltr'><strong><em>iu</em></strong></span> <span class='ocrx_word' id='word_1_144' title='bbox 1031 1863 1198 1918; x_wconf 83' lang='lat' dir='ltr'><strong><em>contextum</em></strong></span> <span class='ocrx_word' id='word_1_145' title='bbox 1228 1863 1414 1934; x_wconf 83' lang='lat' dir='ltr'><strong><em>receperunt.</em></strong></span> 
     </span>
     <span class='ocr_line' id='line_1_17' title="bbox 186 1934 1305 2022; baseline -0.002 -20"><span class='ocrx_word' id='word_1_146' title='bbox 186 1939 374 2002; x_wconf 85' lang='lat' dir='ltr'><strong><em>Hermaunus</em></strong></span> <span class='ocrx_word' id='word_1_147' title='bbox 390 1940 439 2015; x_wconf 84' lang='lat' dir='ltr'><strong><em>(ad</em></strong></span> <span class='ocrx_word' id='word_1_148' title='bbox 456 1941 551 2020; x_wconf 83' lang='lat' dir='ltr'><strong><em>Vigor.</em></strong></span> <span class='ocrx_word' id='word_1_149' title='bbox 566 1961 595 2022; x_wconf 88' lang='lat' dir='ltr'><strong><em>p.</em></strong></span> <span class='ocrx_word' id='word_1_150' title='bbox 611 1934 696 2022; x_wconf 76' lang='lat'>229.)</span> <span class='ocrx_word' id='word_1_151' title='bbox 712 1943 791 2004; x_wconf 90' lang='lat' dir='ltr'><strong><em>hunc</em></strong></span> <span class='ocrx_word' id='word_1_152' title='bbox 807 1961 924 2002; x_wconf 84' lang='lat' dir='ltr'><strong><em>versum</em></strong></span> <span class='ocrx_word' id='word_1_153' title='bbox 941 1941 984 2002; x_wconf 87' lang='lat' dir='ltr'><strong><em>sic</em></strong></span> <span class='ocrx_word' id='word_1_154' title='bbox 998 1942 1157 2022; x_wconf 80' lang='lat' dir='ltr'><strong><em>legendum</em></strong></span> <span class='ocrx_word' id='word_1_155' title='bbox 1174 1939 1305 2020; x_wconf 85' lang='lat' dir='ltr'><strong><em>conjicit:</em></strong></span> 
     </span>
    </p>
   </div>
   <div class='ocr_carea' id='block_1_5' title="bbox 453 2057 1138 2145">
    <p class='ocr_par' dir='ltr' id='par_1_5' title="bbox 453 2057 1138 2145">
     <span class='ocr_line' id='line_1_18' title="bbox 453 2057 1138 2145; baseline 0 -22"><span class='ocrx_word' id='word_1_156' title='bbox 453 2060 559 2142; x_wconf 80' lang='grc' dir='ltr'><strong><em>δαίμων</em></strong></span> <span class='ocrx_word' id='word_1_157' title='bbox 574 2060 600 2124; x_wconf 84' lang='grc' dir='ltr'><strong><em>δ’</em></strong></span> <span class='ocrx_word' id='word_1_158' title='bbox 618 2059 676 2132; x_wconf 80' lang='grc' dir='ltr'><strong><em>οἷος</em></strong></span> <span class='ocrx_word' id='word_1_159' title='bbox 691 2057 750 2142; x_wconf 79' lang='grc' dir='ltr'><strong><em>ἕης·</em></strong></span> <span class='ocrx_word' id='word_1_160' title='bbox 773 2065 813 2140; x_wconf 74' lang='grc' dir='ltr'><strong><em>τῷ</em></strong></span> <span class='ocrx_word' id='word_1_161' title='bbox 829 2059 1000 2145; x_wconf 78' lang='grc' dir='ltr'><strong><em>ἕρηιίζεσθαι</em></strong></span> <span class='ocrx_word' id='word_1_162' title='bbox 1015 2059 1138 2144; x_wconf 76' lang='grc' dir='ltr'><strong><em>ἄμεινον·</em></strong></span> 
     </span>
    </p>
   </div>
   <div class='ocr_carea' id='block_1_6' title="bbox 176 2194 1474 4094">
    <p class='ocr_par' dir='ltr' id='par_1_6' title="bbox 176 2194 1474 3794">
     <span class='ocr_line' id='line_1_19' title="bbox 186 2194 1411 2276; baseline 0.003 -22"><span class='ocrx_word' id='word_1_163' title='bbox 186 2194 204 2254; x_wconf 93' lang='lat' dir='ltr'><strong><em>i.</em></strong></span> <span class='ocrx_word' id='word_1_164' title='bbox 221 2213 247 2254; x_wconf 79' lang='lat' dir='ltr'><strong><em>a.</em></strong></span> <span class='ocrx_word' id='word_1_165' title='bbox 271 2197 379 2276; x_wconf 84' lang='grc' dir='ltr'><strong><em>δαίμων</em></strong></span> <span class='ocrx_word' id='word_1_166' title='bbox 393 2195 469 2266; x_wconf 76' lang='grc' dir='ltr'><strong><em>τοῖός·</em></strong></span> <span class='ocrx_word' id='word_1_167' title='bbox 484 2195 569 2266; x_wconf 85' lang='grc' dir='ltr'><strong><em>ἔστιν,</em></strong></span> <span class='ocrx_word' id='word_1_168' title='bbox 593 2194 652 2265; x_wconf 80' lang='grc' dir='ltr'><strong><em>οἷος</em></strong></span> <span class='ocrx_word' id='word_1_169' title='bbox 667 2197 725 2273; x_wconf 79' lang='grc' dir='ltr'><strong><em>ἔης,</em></strong></span> <span class='ocrx_word' id='word_1_170' title='bbox 748 2195 793 2254; x_wconf 84' lang='lat' dir='ltr'><strong><em>vel</em></strong></span> <span class='ocrx_word' id='word_1_171' title='bbox 807 2195 901 2274; x_wconf 79' lang='lat' dir='ltr'><strong><em>positu</em></strong></span> <span class='ocrx_word' id='word_1_172' title='bbox 917 2204 984 2274; x_wconf 89' lang='lat' dir='ltr'><strong><em>past</em></strong></span> <span class='ocrx_word' id='word_1_173' title='bbox 998 2195 1057 2268; x_wconf 78' lang='grc' dir='ltr'><strong><em>οίος</em></strong></span> <span class='ocrx_word' id='word_1_174' title='bbox 1071 2195 1273 2269; x_wconf 78' lang='lat' dir='ltr'><strong><em>distinctione,</em></strong></span> <span class='ocrx_word' id='word_1_175' title='bbox 1296 2207 1371 2268; x_wconf 82' lang='grc' dir='ltr'><strong><em>τοῖος</em></strong></span> <span class='ocrx_word' id='word_1_176' title='bbox 1385 2194 1411 2258; x_wconf 83' lang='grc' dir='ltr'><strong><em>δ’</em></strong></span> 
     </span>
     <span class='ocr_line' id='line_1_20' title="bbox 187 2277 1414 2360; baseline -0.002 -20"><span class='ocrx_word' id='word_1_177' title='bbox 187 2280 242 2356; x_wconf 71' lang='lat' dir='ltr'><strong><em>ipo,</em></strong></span> <span class='ocrx_word' id='word_1_178' title='bbox 258 2277 315 2347; x_wconf 79' lang='lat' dir='ltr'><strong><em>aloc</em></strong></span> <span class='ocrx_word' id='word_1_179' title='bbox 330 2279 451 2357; x_wconf 75' lang='grc' dir='ltr'><strong><em>δαιμυν·</em></strong></span> <span class='ocrx_word' id='word_1_180' title='bbox 475 2299 549 2354; x_wconf 86' lang='lat' dir='ltr'><strong><em>quae</em></strong></span> <span class='ocrx_word' id='word_1_181' title='bbox 563 2282 741 2353; x_wconf 79' lang='lat' dir='ltr'><strong><em>conjectura,</em></strong></span> <span class='ocrx_word' id='word_1_182' title='bbox 765 2279 847 2342; x_wconf 80' lang='lat' dir='ltr'><strong><em>addit</em></strong></span> <span class='ocrx_word' id='word_1_183' title='bbox 861 2280 1030 2360; x_wconf 87' lang='lat' dir='ltr'><strong><em>Lennepius</em></strong></span> <span class='ocrx_word' id='word_1_184' title='bbox 1046 2280 1077 2356; x_wconf 90' lang='lat' dir='ltr'><strong><em>(i.</em></strong></span> <span class='ocrx_word' id='word_1_185' title='bbox 1094 2282 1143 2357; x_wconf 82' lang='lat' dir='ltr'><strong><em>a),</em></strong></span> <span class='ocrx_word' id='word_1_186' title='bbox 1168 2301 1304 2358; x_wconf 86' lang='lat' dir='ltr'><strong><em>maqaam</em></strong></span> <span class='ocrx_word' id='word_1_187' title='bbox 1319 2284 1414 2358; x_wconf 87' lang='lat' dir='ltr'><strong><em>utique</em></strong></span> 
     </span>
     <span class='ocr_line' id='line_1_21' title="bbox 187 2363 1414 2444; baseline 0.004 -25"><span class='ocrx_word' id='word_1_188' title='bbox 187 2363 249 2420; x_wconf 86' lang='lat' dir='ltr'><strong><em>veri</em></strong></span> <span class='ocrx_word' id='word_1_189' title='bbox 262 2363 383 2437; x_wconf 80' lang='lat' dir='ltr'><strong><em>speciem</em></strong></span> <span class='ocrx_word' id='word_1_190' title='bbox 397 2363 496 2435; x_wconf 82' lang='lat' dir='ltr'><strong><em>labet,</em></strong></span> <span class='ocrx_word' id='word_1_191' title='bbox 520 2384 582 2423; x_wconf 85' lang='lat' dir='ltr'><strong><em>cum</em></strong></span> <span class='ocrx_word' id='word_1_192' title='bbox 597 2371 647 2428; x_wconf 81' lang='grc' dir='ltr'><strong><em>θα</em></strong></span> <span class='ocrx_word' id='word_1_193' title='bbox 662 2384 699 2422; x_wconf 82' lang='lat' dir='ltr'><strong><em>eoo</em></strong></span> <span class='ocrx_word' id='word_1_194' title='bbox 713 2385 770 2443; x_wconf 80' lang='lat' dir='ltr'><strong><em>seq.</em></strong></span> <span class='ocrx_word' id='word_1_195' title='bbox 786 2368 832 2442; x_wconf 79' lang='grc' dir='ltr'><strong><em>τῴ</em></strong></span> <span class='ocrx_word' id='word_1_196' title='bbox 846 2377 945 2426; x_wconf 85' lang='lat' dir='ltr'><strong><em>uatum</em></strong></span> <span class='ocrx_word' id='word_1_197' title='bbox 965 2368 1057 2426; x_wconf 86' lang='lat' dir='ltr'><strong><em>uideri</em></strong></span> <span class='ocrx_word' id='word_1_198' title='bbox 1073 2367 1168 2444; x_wconf 72' lang='lat' dir='ltr'><strong><em>pascit</em></strong></span> <span class='ocrx_word' id='word_1_199' title='bbox 1189 2376 1216 2424; x_wconf 87' lang='lat' dir='ltr'><strong><em>et</em></strong></span> <span class='ocrx_word' id='word_1_200' title='bbox 1237 2367 1358 2442; x_wconf 79' lang='lat' dir='ltr'><strong><em>optimae</em></strong></span> <span class='ocrx_word' id='word_1_201' title='bbox 1373 2368 1414 2424; x_wconf 87' lang='lat' dir='ltr'><strong><em>ita</em></strong></span> 
     </span>
     <span class='ocr_line' id='line_1_22' title="bbox 186 2447 1414 2532; baseline 0.005 -29"><span class='ocrx_word' id='word_1_202' title='bbox 186 2447 223 2504; x_wconf 78' lang='lat' dir='ltr'><strong><em>eit</em></strong></span> <span class='ocrx_word' id='word_1_203' title='bbox 241 2447 396 2504; x_wconf 76' lang='lat' dir='ltr'><strong><em>sentcntiae</em></strong></span> <span class='ocrx_word' id='word_1_204' title='bbox 416 2450 501 2506; x_wconf 79' lang='lat' dir='ltr'><strong><em>latiur</em></strong></span> <span class='ocrx_word' id='word_1_205' title='bbox 521 2451 632 2508; x_wconf 77' lang='grc' dir='ltr'><strong><em>νεανίαι.</em></strong></span> <span class='ocrx_word' id='word_1_206' title='bbox 684 2453 900 2524; x_wconf 64' lang='lat' dir='ltr'><strong><em>Veraniolum,</em></strong></span> <span class='ocrx_word' id='word_1_207' title='bbox 917 2455 995 2530; x_wconf 86' lang='lat' dir='ltr'><strong><em>qaod</em></strong></span> <span class='ocrx_word' id='word_1_208' title='bbox 1015 2453 1151 2532; x_wconf 83' lang='grc' dir='ltr'><strong><em>δαίμονι</em></strong></span> <span class='ocrx_word' id='word_1_209' title='bbox 1174 2471 1232 2509; x_wconf 83' lang='lat' dir='ltr'><strong><em>aaa</em></strong></span> <span class='ocrx_word' id='word_1_210' title='bbox 1251 2451 1414 2528; x_wconf 78' lang='lat' dir='ltr'><strong><em>operueurla</em></strong></span> 
     </span>
     <span class='ocr_line' id='line_1_23' title="bbox 185 2532 1414 2616; baseline 0.007 -29"><span class='ocrx_word' id='word_1_211' title='bbox 185 2532 286 2588; x_wconf 70' lang='grc' dir='ltr'><strong><em>σαυνία</em></strong></span> <span class='ocrx_word' id='word_1_212' title='bbox 302 2532 429 2590; x_wconf 74' lang='lat' dir='ltr'><strong><em>lectionis</em></strong></span> <span class='ocrx_word' id='word_1_213' title='bbox 444 2535 612 2594; x_wconf 80' lang='lat' dir='ltr'><strong><em>auctoritate</em></strong></span> <span class='ocrx_word' id='word_1_214' title='bbox 626 2557 657 2596; x_wconf 81' lang='lat' dir='ltr'><strong><em>oe</em></strong></span> <span class='ocrx_word' id='word_1_215' title='bbox 671 2545 773 2595; x_wconf 85' lang='lat' dir='ltr'><strong><em>tuetur.</em></strong></span> <span class='ocrx_word' id='word_1_216' title='bbox 819 2537 854 2595; x_wconf 81' lang='lat' dir='ltr'><strong><em>At</em></strong></span> <span class='ocrx_word' id='word_1_217' title='bbox 871 2535 1081 2614; x_wconf 79' lang='lat' dir='ltr'><strong><em>Goettlingius,</em></strong></span> <span class='ocrx_word' id='word_1_218' title='bbox 1098 2535 1147 2616; x_wconf 91' lang='lat' dir='ltr'><strong><em>qui</em></strong></span> <span class='ocrx_word' id='word_1_219' title='bbox 1163 2553 1281 2596; x_wconf 89' lang='lat' dir='ltr'><strong><em>vorsum</em></strong></span> <span class='ocrx_word' id='word_1_220' title='bbox 1298 2535 1337 2595; x_wconf 86' lang='lat' dir='ltr'><strong><em>ita</em></strong></span> <span class='ocrx_word' id='word_1_221' title='bbox 1354 2534 1414 2596; x_wconf 88' lang='lat' dir='ltr'><strong><em>dis-</em></strong></span> 
     </span>
     <span class='ocr_line' id='line_1_24' title="bbox 184 2613 1474 2702; baseline 0.005 -29"><span class='ocrx_word' id='word_1_222' title='bbox 184 2613 284 2674; x_wconf 84' lang='lat' dir='ltr'><strong><em>tinxit:</em></strong></span> <span class='ocrx_word' id='word_1_223' title='bbox 308 2616 416 2696; x_wconf 74' lang='grc' dir='ltr'><strong><em>δαιμονι</em></strong></span> <span class='ocrx_word' id='word_1_224' title='bbox 436 2616 473 2689; x_wconf 83' lang='grc' dir='ltr'><strong><em>δ’,</em></strong></span> <span class='ocrx_word' id='word_1_225' title='bbox 494 2616 551 2689; x_wconf 75' lang='lat' dir='ltr'><strong><em>oioe</em></strong></span> <span class='ocrx_word' id='word_1_226' title='bbox 579 2617 685 2700; x_wconf 83' lang='grc' dir='ltr'><strong><em>ἔησθα,</em></strong></span> <span class='ocrx_word' id='word_1_227' title='bbox 707 2618 740 2683; x_wconf 83' lang='grc' dir='ltr'><strong><em>τὸ</em></strong></span> <span class='ocrx_word' id='word_1_228' title='bbox 760 2619 931 2701; x_wconf 77' lang='grc' dir='ltr'><strong><em>ἐργάζεσθαι</em></strong></span> <span class='ocrx_word' id='word_1_229' title='bbox 950 2617 1072 2702; x_wconf 83' lang='grc' dir='ltr'><strong><em>ίίμιινον,</em></strong></span> <span class='ocrx_word' id='word_1_230' title='bbox 1095 2620 1226 2680; x_wconf 78' lang='lat' dir='ltr'><strong><em>Platonis</em></strong></span> <span class='ocrx_word' id='word_1_231' title='bbox 1250 2617 1292 2696; x_wconf 84' lang='lat' dir='ltr'><strong><em>(in</em></strong></span> <span class='ocrx_word' id='word_1_232' title='bbox 1308 2619 1413 2698; x_wconf 78' lang='lat' dir='ltr'><strong><em>Cratyi</em></strong></span> <span class='ocrx_word' id='word_1_233' title='bbox 1458 2691 1474 2702; x_wconf 33' lang='grc' dir='ltr'><strong><em>ν</em></strong></span> 
     </span>
     <span class='ocr_line' id='line_1_25' title="bbox 186 2697 1413 2787; baseline 0.004 -26"><span class='ocrx_word' id='word_1_234' title='bbox 186 2717 214 2778; x_wconf 91' lang='lat' dir='ltr'><strong><em>p.</em></strong></span> <span class='ocrx_word' id='word_1_235' title='bbox 231 2697 330 2777; x_wconf 83' lang='lat'>398.)‚</span> <span class='ocrx_word' id='word_1_236' title='bbox 354 2708 388 2757; x_wconf 90' lang='lat' dir='ltr'><strong><em>ut</em></strong></span> <span class='ocrx_word' id='word_1_237' title='bbox 402 2698 530 2773; x_wconf 85' lang='lat' dir='ltr'><strong><em>videtur,</em></strong></span> <span class='ocrx_word' id='word_1_238' title='bbox 551 2701 629 2763; x_wconf 85' lang='lat' dir='ltr'><strong><em>loco:</em></strong></span> <span class='ocrx_word' id='word_1_239' title='bbox 652 2707 734 2768; x_wconf 75' lang='grc' dir='ltr'><strong><em>τοῦτο</em></strong></span> <span class='ocrx_word' id='word_1_240' title='bbox 749 2706 840 2768; x_wconf 87' lang='grc' dir='ltr'><strong><em>τοίνυν</em></strong></span> <span class='ocrx_word' id='word_1_241' title='bbox 855 2705 962 2777; x_wconf 85' lang='grc' dir='ltr'><strong><em>παντὸς</em></strong></span> <span class='ocrx_word' id='word_1_242' title='bbox 975 2708 1081 2786; x_wconf 79' lang='grc' dir='ltr'><strong><em>μᾶλλον</em></strong></span> <span class='ocrx_word' id='word_1_243' title='bbox 1100 2705 1182 2787; x_wconf 74' lang='grc' dir='ltr'><strong><em>λέγει,</em></strong></span> <span class='ocrx_word' id='word_1_244' title='bbox 1203 2703 1242 2774; x_wconf 78' lang='grc' dir='ltr'><strong><em>ὡς</em></strong></span> <span class='ocrx_word' id='word_1_245' title='bbox 1258 2701 1316 2786; x_wconf 79' lang='grc' dir='ltr'><strong><em>ἔμοί</em></strong></span> <span class='ocrx_word' id='word_1_246' title='bbox 1332 2711 1413 2778; x_wconf 80' lang='grc' dir='ltr'><strong><em>δοκεῖ,</em></strong></span> 
     </span>
     <span class='ocr_line' id='line_1_26' title="bbox 186 2781 1413 2875; baseline 0.007 -32"><span class='ocrx_word' id='word_1_247' title='bbox 186 2781 252 2852; x_wconf 81' lang='grc' dir='ltr'><strong><em>τοὺς</em></strong></span> <span class='ocrx_word' id='word_1_248' title='bbox 274 2783 409 2861; x_wconf 84' lang='grc' dir='ltr'><strong><em>δαίμονας</em></strong></span> <span class='ocrx_word' id='word_1_249' title='bbox 429 2783 530 2856; x_wconf 76' lang='grc' dir='ltr'><strong><em>αὖτοὺς</em></strong></span> <span class='ocrx_word' id='word_1_250' title='bbox 549 2785 689 2868; x_wconf 80' lang='grc' dir='ltr'><strong><em>ὠνόμασε·</em></strong></span> <span class='ocrx_word' id='word_1_251' title='bbox 720 2784 767 2850; x_wconf 78' lang='grc' dir='ltr'><strong><em>καί</em></strong></span> <span class='ocrx_word' id='word_1_252' title='bbox 783 2787 810 2850; x_wconf 85' lang='grc' dir='ltr'><strong><em>ἔν</em></strong></span> <span class='ocrx_word' id='word_1_253' title='bbox 826 2814 855 2870; x_wconf 82' lang='grc' dir='ltr'><strong><em>γε</em></strong></span> <span class='ocrx_word' id='word_1_254' title='bbox 869 2793 903 2869; x_wconf 77' lang='grc' dir='ltr'><strong><em>τῇ</em></strong></span> <span class='ocrx_word' id='word_1_255' title='bbox 925 2787 1031 2870; x_wconf 80' lang='grc' dir='ltr'><strong><em>ἀρχαίᾳ</em></strong></span> <span class='ocrx_word' id='word_1_256' title='bbox 1046 2793 1080 2870; x_wconf 74' lang='grc' dir='ltr'><strong><em>τῇ</em></strong></span> <span class='ocrx_word' id='word_1_257' title='bbox 1098 2787 1217 2875; x_wconf 80' lang='grc' dir='ltr'><strong><em>ήμοιέρᾳ</em></strong></span> <span class='ocrx_word' id='word_1_258' title='bbox 1232 2791 1312 2872; x_wconf 80' lang='grc' dir='ltr'><strong><em>φωνή</em></strong></span> <span class='ocrx_word' id='word_1_259' title='bbox 1326 2787 1413 2852; x_wconf 73' lang='grc' dir='ltr'><strong><em>ταύτὸ</em></strong></span> 
     </span>
     <span class='ocr_line' id='line_1_27' title="bbox 186 2863 1413 2956; baseline 0.002 -26"><span class='ocrx_word' id='word_1_260' title='bbox 186 2867 328 2948; x_wconf 85' lang='grc' dir='ltr'><strong><em>συμβαίνει</em></strong></span> <span class='ocrx_word' id='word_1_261' title='bbox 342 2863 478 2948; x_wconf 77' lang='grc' dir='ltr'><strong><em>τοῦνομα</em></strong></span> <span class='ocrx_word' id='word_1_262' title='bbox 507 2877 535 2930; x_wconf 88' lang='lat' dir='ltr'><strong><em>et</em></strong></span> <span class='ocrx_word' id='word_1_263' title='bbox 550 2871 688 2951; x_wconf 83' lang='lat' dir='ltr'><strong><em>Hesychii</em></strong></span> <span class='ocrx_word' id='word_1_264' title='bbox 705 2871 832 2950; x_wconf 81' lang='lat' dir='ltr'><strong><em>glossae:</em></strong></span> <span class='ocrx_word' id='word_1_265' title='bbox 856 2875 996 2955; x_wconf 78' lang='grc' dir='ltr'><strong><em>δαίμον’</em></strong></span> <span class='ocrx_word' id='word_1_266' title='bbox 1017 2873 1143 2956; x_wconf 83' lang='grc' dir='ltr'><strong><em>δαήμοιν,</em></strong></span> <span class='ocrx_word' id='word_1_267' title='bbox 1164 2873 1315 2946; x_wconf 78' lang='lat' dir='ltr'><strong><em>adnitens,</em></strong></span> <span class='ocrx_word' id='word_1_268' title='bbox 1337 2873 1413 2933; x_wconf 83' lang='lat' dir='ltr'><strong><em>hauc</em></strong></span> 
     </span>
     <span class='ocr_line' id='line_1_28' title="bbox 186 2949 1413 3038; baseline 0.004 -26"><span class='ocrx_word' id='word_1_269' title='bbox 186 2950 212 3012; x_wconf 87' lang='lat' dir='ltr'><strong><em>ei</em></strong></span> <span class='ocrx_word' id='word_1_270' title='bbox 239 2949 344 3011; x_wconf 85' lang='lat' dir='ltr'><strong><em>miram</em></strong></span> <span class='ocrx_word' id='word_1_271' title='bbox 372 2953 596 3032; x_wconf 79' lang='lat' dir='ltr'><strong><em>explicationem</em></strong></span> <span class='ocrx_word' id='word_1_272' title='bbox 622 2955 738 3018; x_wconf 83' lang='lat' dir='ltr'><strong><em>tribuit:</em></strong></span> <span class='ocrx_word' id='word_1_273' title='bbox 769 2970 948 3038; x_wconf 87' lang='lat' dir='ltr'><strong><em>quapropter</em></strong></span> <span class='ocrx_word' id='word_1_274' title='bbox 969 2961 1059 3018; x_wconf 73' lang='lat' dir='ltr'><strong><em>satim</em></strong></span> <span class='ocrx_word' id='word_1_275' title='bbox 1081 2969 1122 3020; x_wconf 75' lang='lat' dir='ltr'><strong><em>eat</em></strong></span> <span class='ocrx_word' id='word_1_276' title='bbox 1143 2961 1251 3019; x_wconf 74' lang='grc' dir='ltr'><strong><em>διανοίην·</em></strong></span> <span class='ocrx_word' id='word_1_277' title='bbox 1266 2961 1413 3036; x_wconf 77' lang='lat' dir='ltr'><strong><em>prudenti,</em></strong></span> 
     </span>
     <span class='ocr_line' id='line_1_29' title="bbox 185 3039 1411 3124; baseline 0.005 -28"><span class='ocrx_word' id='word_1_278' title='bbox 185 3039 280 3116; x_wconf 70' lang='lat' dir='ltr'><strong><em>queatis</em></strong></span> <span class='ocrx_word' id='word_1_279' title='bbox 294 3039 360 3098; x_wconf 83' lang='lat' dir='ltr'><strong><em>olim</em></strong></span> <span class='ocrx_word' id='word_1_280' title='bbox 377 3048 407 3097; x_wconf 91' lang='lat' dir='ltr'><strong><em>tu</em></strong></span> <span class='ocrx_word' id='word_1_281' title='bbox 421 3042 523 3114; x_wconf 80' lang='lat' dir='ltr'><strong><em>fuisti,</em></strong></span> <span class='ocrx_word' id='word_1_282' title='bbox 547 3051 701 3120; x_wconf 81' lang='lat' dir='ltr'><strong><em>antequam</em></strong></span> <span class='ocrx_word' id='word_1_283' title='bbox 723 3045 885 3103; x_wconf 80' lang='lat' dir='ltr'><strong><em>alienarum</em></strong></span> <span class='ocrx_word' id='word_1_284' title='bbox 899 3064 995 3104; x_wconf 84' lang='lat' dir='ltr'><strong><em>reram</em></strong></span> <span class='ocrx_word' id='word_1_285' title='bbox 1018 3046 1137 3120; x_wconf 78' lang='lat' dir='ltr'><strong><em>cupidae</em></strong></span> <span class='ocrx_word' id='word_1_286' title='bbox 1156 3065 1221 3102; x_wconf 77' lang='lat' dir='ltr'><strong><em>erae</em></strong></span> <span class='ocrx_word' id='word_1_287' title='bbox 1244 3039 1411 3124; x_wconf 82' lang='lat' dir='ltr'><strong><em>(autequam</em></strong></span> 
     </span>
     <span class='ocr_line' id='line_1_30' title="bbox 185 3123 1412 3206; baseline 0.006 -26"><span class='ocrx_word' id='word_1_288' title='bbox 185 3123 232 3181; x_wconf 86' lang='lat' dir='ltr'><strong><em>lite</em></strong></span> <span class='ocrx_word' id='word_1_289' title='bbox 246 3142 354 3182; x_wconf 86' lang='lat' dir='ltr'><strong><em>mecum</em></strong></span> <span class='ocrx_word' id='word_1_290' title='bbox 369 3123 497 3206; x_wconf 72' lang='lat' dir='ltr'><strong><em>apulae),</em></strong></span> <span class='ocrx_word' id='word_1_291' title='bbox 513 3129 646 3188; x_wconf 82' lang='lat' dir='ltr'><strong><em>laborare</em></strong></span> <span class='ocrx_word' id='word_1_292' title='bbox 660 3139 745 3206; x_wconf 83' lang='lat' dir='ltr'><strong><em>atque</em></strong></span> <span class='ocrx_word' id='word_1_293' title='bbox 760 3129 802 3188; x_wconf 89' lang='lat' dir='ltr'><strong><em>ita</em></strong></span> <span class='ocrx_word' id='word_1_294' title='bbox 818 3129 933 3188; x_wconf 81' lang='lat' dir='ltr'><strong><em>diuitiae</em></strong></span> <span class='ocrx_word' id='word_1_295' title='bbox 940 3131 1039 3203; x_wconf 75' lang='lat' dir='ltr'><strong><em>justae</em></strong></span> <span class='ocrx_word' id='word_1_296' title='bbox 1053 3129 1104 3188; x_wconf 83' lang='lat' dir='ltr'><strong><em>liii</em></strong></span> <span class='ocrx_word' id='word_1_297' title='bbox 1117 3149 1239 3206; x_wconf 86' lang='lat' dir='ltr'><strong><em>parare.</em></strong></span> <span class='ocrx_word' id='word_1_298' title='bbox 1271 3125 1412 3188; x_wconf 89' lang='lat' dir='ltr'><strong><em>Lehrsius</em></strong></span> 
     </span>
     <span class='ocr_line' id='line_1_31' title="bbox 186 3204 1413 3294; baseline 0.005 -28"><span class='ocrx_word' id='word_1_299' title='bbox 186 3206 216 3283; x_wconf 89' lang='lat' dir='ltr'><strong><em>(l.</em></strong></span> <span class='ocrx_word' id='word_1_300' title='bbox 233 3206 252 3266; x_wconf 92' lang='lat' dir='ltr'><strong><em>l.</em></strong></span> <span class='ocrx_word' id='word_1_301' title='bbox 268 3226 298 3285; x_wconf 86' lang='lat' dir='ltr'><strong><em>p.</em></strong></span> <span class='ocrx_word' id='word_1_302' title='bbox 313 3204 401 3283; x_wconf 76' lang='lat'>244.)</span> <span class='ocrx_word' id='word_1_303' title='bbox 417 3208 460 3269; x_wconf 88' lang='lat' dir='ltr'><strong><em>sic</em></strong></span> <span class='ocrx_word' id='word_1_304' title='bbox 475 3209 606 3290; x_wconf 84' lang='lat' dir='ltr'><strong><em>scripsit:</em></strong></span> <span class='ocrx_word' id='word_1_305' title='bbox 630 3213 740 3294; x_wconf 88' lang='grc' dir='ltr'><strong><em>δαίμονι</em></strong></span> <span class='ocrx_word' id='word_1_306' title='bbox 754 3211 781 3276; x_wconf 85' lang='grc' dir='ltr'><strong><em>δ’</em></strong></span> <span class='ocrx_word' id='word_1_307' title='bbox 799 3211 857 3285; x_wconf 81' lang='grc' dir='ltr'><strong><em>οἷος</em></strong></span> <span class='ocrx_word' id='word_1_308' title='bbox 873 3212 986 3294; x_wconf 70' lang='grc' dir='ltr'><strong><em>ἔησθα]</em></strong></span> <span class='ocrx_word' id='word_1_309' title='bbox 998 3217 1015 3274; x_wconf 91' lang='lat' dir='ltr'><strong><em>i.</em></strong></span> <span class='ocrx_word' id='word_1_310' title='bbox 1031 3235 1054 3274; x_wconf 88' lang='lat' dir='ltr'><strong><em>e.</em></strong></span> <span class='ocrx_word' id='word_1_311' title='bbox 1062 3218 1192 3289; x_wconf 79' lang='lat' dir='ltr'><strong><em>fortuna</em></strong></span> <span class='ocrx_word' id='word_1_312' title='bbox 1207 3223 1301 3274; x_wconf 82' lang='lat' dir='ltr'><strong><em>uatem</em></strong></span> <span class='ocrx_word' id='word_1_313' title='bbox 1317 3216 1413 3291; x_wconf 75' lang='lat' dir='ltr'><strong><em>qualia</em></strong></span> 
     </span>
     <span class='ocr_line' id='line_1_32' title="bbox 186 3295 1414 3378; baseline 0.008 -30"><span class='ocrx_word' id='word_1_314' title='bbox 186 3310 264 3365; x_wconf 71' lang='grc' dir='ltr'><strong><em>ανον,</em></strong></span> <span class='ocrx_word' id='word_1_315' title='bbox 279 3295 305 3350; x_wconf 83' lang='lat' dir='ltr'><strong><em>lr.</em></strong></span> <span class='ocrx_word' id='word_1_316' title='bbox 322 3313 345 3350; x_wconf 87' lang='lat' dir='ltr'><strong><em>e.</em></strong></span> <span class='ocrx_word' id='word_1_317' title='bbox 362 3314 449 3370; x_wconf 87' lang='lat' dir='ltr'><strong><em>quam</em></strong></span> <span class='ocrx_word' id='word_1_318' title='bbox 456 3297 538 3370; x_wconf 75' lang='lat' dir='ltr'><strong><em>felia</em></strong></span> <span class='ocrx_word' id='word_1_319' title='bbox 553 3301 641 3358; x_wconf 72' lang='lat' dir='ltr'><strong><em>erae!</em></strong></span> <span class='ocrx_word' id='word_1_320' title='bbox 678 3297 861 3359; x_wconf 88' lang='lat' dir='ltr'><strong><em>Vollbehrius</em></strong></span> <span class='ocrx_word' id='word_1_321' title='bbox 878 3297 1038 3360; x_wconf 84' lang='lat' dir='ltr'><strong><em>novissime</em></strong></span> <span class='ocrx_word' id='word_1_322' title='bbox 1054 3299 1127 3360; x_wconf 83' lang='lat' dir='ltr'><strong><em>hoec</em></strong></span> <span class='ocrx_word' id='word_1_323' title='bbox 1142 3297 1279 3378; x_wconf 91' lang='lat' dir='ltr'><strong><em>protulit:</em></strong></span> <span class='ocrx_word' id='word_1_324' title='bbox 1310 3301 1414 3359; x_wconf 68' lang='lat' dir='ltr'><strong><em>Versus</em></strong></span> 
     </span>
     <span class='ocr_line' id='line_1_33' title="bbox 187 3367 1414 3470; baseline 0.011 -40"><span class='ocrx_word' id='word_1_325' title='bbox 187 3375 244 3470; x_wconf 66' lang='lat' dir='ltr'><strong><em>ili</em></strong></span> <span class='ocrx_word' id='word_1_326' title='bbox 259 3373 302 3449; x_wconf 83' lang='lat' dir='ltr'><strong><em>(iu</em></strong></span> <span class='ocrx_word' id='word_1_327' title='bbox 317 3394 340 3435; x_wconf 76' lang='lat' dir='ltr'><strong><em>S.</em></strong></span> <span class='ocrx_word' id='word_1_328' title='bbox 357 3377 403 3437; x_wconf 88' lang='lat' dir='ltr'><strong><em>ed.</em></strong></span> <span class='ocrx_word' id='word_1_329' title='bbox 419 3377 502 3460; x_wconf 83' lang='lat'>312.)</span> <span class='ocrx_word' id='word_1_330' title='bbox 523 3393 597 3442; x_wconf 85' lang='lat' dir='ltr'><strong><em>recte</em></strong></span> <span class='ocrx_word' id='word_1_331' title='bbox 615 3404 645 3442; x_wconf 79' lang='lat' dir='ltr'><strong><em>ee</em></strong></span> <span class='ocrx_word' id='word_1_332' title='bbox 665 3385 761 3455; x_wconf 76' lang='lat' dir='ltr'><strong><em>tabet,</em></strong></span> <span class='ocrx_word' id='word_1_333' title='bbox 784 3386 825 3443; x_wconf 88' lang='lat' dir='ltr'><strong><em>ita</em></strong></span> <span class='ocrx_word' id='word_1_334' title='bbox 846 3394 878 3442; x_wconf 87' lang='lat' dir='ltr'><strong><em>ut</em></strong></span> <span class='ocrx_word' id='word_1_335' title='bbox 897 3385 1026 3465; x_wconf 87' lang='grc' dir='ltr'><strong><em>δαίμων</em></strong></span> <span class='ocrx_word' id='word_1_336' title='bbox 1046 3386 1083 3444; x_wconf 77' lang='lat' dir='ltr'><strong><em>rit</em></strong></span> <span class='ocrx_word' id='word_1_337' title='bbox 1096 3389 1245 3460; x_wconf 78' lang='lat' dir='ltr'><strong><em>sortuaa5</em></strong></span> <span class='ocrx_word' id='word_1_338' title='bbox 1266 3387 1318 3444; x_wconf 81' lang='lat' dir='ltr'><strong><em>tac</em></strong></span> <span class='ocrx_word' id='word_1_339' title='bbox 1339 3367 1414 3444; x_wconf 77' lang='lat' dir='ltr'><strong><em>iuim</em></strong></span> 
     </span>
     <span class='ocr_line' id='line_1_34' title="bbox 187 3459 1412 3546; baseline 0.013 -32"><span class='ocrx_word' id='word_1_340' title='bbox 187 3459 255 3516; x_wconf 81' lang='lat' dir='ltr'><strong><em>dreit</em></strong></span> <span class='ocrx_word' id='word_1_341' title='bbox 263 3471 362 3535; x_wconf 88' lang='lat' dir='ltr'><strong><em>poeta.</em></strong></span> <span class='ocrx_word' id='word_1_342' title='bbox 412 3465 617 3528; x_wconf 77' lang='lat' dir='ltr'><strong><em>Tantummodo</em></strong></span> <span class='ocrx_word' id='word_1_343' title='bbox 633 3471 708 3528; x_wconf 84' lang='lat' dir='ltr'><strong><em>baua</em></strong></span> <span class='ocrx_word' id='word_1_344' title='bbox 722 3473 849 3542; x_wconf 65' lang='lat' dir='ltr'><strong><em>suarna</em></strong></span> <span class='ocrx_word' id='word_1_345' title='bbox 865 3479 915 3528; x_wconf 88' lang='lat' dir='ltr'><strong><em>tua</em></strong></span> <span class='ocrx_word' id='word_1_346' title='bbox 930 3473 976 3528; x_wconf 88' lang='lat' dir='ltr'><strong><em>ael</em></strong></span> <span class='ocrx_word' id='word_1_347' title='bbox 984 3472 1083 3546; x_wconf 82' lang='lat' dir='ltr'><strong><em>potira</em></strong></span> <span class='ocrx_word' id='word_1_348' title='bbox 1097 3475 1178 3530; x_wconf 85' lang='lat' dir='ltr'><strong><em>mala</em></strong></span> <span class='ocrx_word' id='word_1_349' title='bbox 1193 3471 1261 3530; x_wconf 87' lang='lat' dir='ltr'><strong><em>olim</em></strong></span> <span class='ocrx_word' id='word_1_350' title='bbox 1276 3480 1307 3528; x_wconf 87' lang='lat' dir='ltr'><strong><em>tu</em></strong></span> <span class='ocrx_word' id='word_1_351' title='bbox 1322 3471 1352 3529; x_wconf 84' lang='lat' dir='ltr'><strong><em>in</em></strong></span> <span class='ocrx_word' id='word_1_352' title='bbox 1366 3473 1412 3530; x_wconf 84' lang='lat' dir='ltr'><strong><em>ie·</em></strong></span> 
     </span>
     <span class='ocr_line' id='line_1_35' title="bbox 185 3543 1416 3632; baseline 0.011 -33"><span class='ocrx_word' id='word_1_353' title='bbox 185 3543 315 3604; x_wconf 68' lang='lat' dir='ltr'><strong><em>reditatto</em></strong></span> <span class='ocrx_word' id='word_1_354' title='bbox 330 3548 377 3605; x_wconf 85' lang='lat' dir='ltr'><strong><em>lite</em></strong></span> <span class='ocrx_word' id='word_1_355' title='bbox 390 3553 522 3625; x_wconf 71' lang='lat' dir='ltr'><strong><em>superior</em></strong></span> <span class='ocrx_word' id='word_1_356' title='bbox 537 3555 652 3612; x_wconf 82' lang='lat' dir='ltr'><strong><em>eoacietr&#39;</em></strong></span> <span class='ocrx_word' id='word_1_357' title='bbox 669 3574 768 3632; x_wconf 83' lang='lat' dir='ltr'><strong><em>reoque</em></strong></span> <span class='ocrx_word' id='word_1_358' title='bbox 787 3564 853 3612; x_wconf 80' lang='lat' dir='ltr'><strong><em>tuac</em></strong></span> <span class='ocrx_word' id='word_1_359' title='bbox 876 3575 935 3613; x_wconf 83' lang='lat' dir='ltr'><strong><em>oreo</em></strong></span> <span class='ocrx_word' id='word_1_360' title='bbox 958 3557 1069 3632; x_wconf 83' lang='lat' dir='ltr'><strong><em>quidem</em></strong></span> <span class='ocrx_word' id='word_1_361' title='bbox 1089 3557 1196 3616; x_wconf 81' lang='lat' dir='ltr'><strong><em>damno</em></strong></span> <span class='ocrx_word' id='word_1_362' title='bbox 1216 3555 1342 3614; x_wconf 76' lang='lat' dir='ltr'><strong><em>auxisti:</em></strong></span> <span class='ocrx_word' id='word_1_363' title='bbox 1363 3557 1416 3614; x_wconf 80' lang='lat' dir='ltr'><strong><em>aeri</em></strong></span> 
     </span>
     <span class='ocr_line' id='line_1_36' title="bbox 176 3629 1416 3717; baseline 0.011 -33"><span class='ocrx_word' id='word_1_364' title='bbox 176 3629 323 3700; x_wconf 80' lang='lat' dir='ltr'><strong><em>fortunae</em></strong></span> <span class='ocrx_word' id='word_1_365' title='bbox 330 3633 460 3706; x_wconf 85' lang='lat' dir='ltr'><strong><em>periculo</em></strong></span> <span class='ocrx_word' id='word_1_366' title='bbox 475 3644 503 3693; x_wconf 88' lang='lat' dir='ltr'><strong><em>et</em></strong></span> <span class='ocrx_word' id='word_1_367' title='bbox 515 3638 725 3699; x_wconf 81' lang='lat' dir='ltr'><strong><em>iuaourtautiae</em></strong></span> <span class='ocrx_word' id='word_1_368' title='bbox 739 3642 814 3698; x_wconf 85' lang='lat' dir='ltr'><strong><em>male</em></strong></span> <span class='ocrx_word' id='word_1_369' title='bbox 829 3641 929 3698; x_wconf 86' lang='lat' dir='ltr'><strong><em>iterum</em></strong></span> <span class='ocrx_word' id='word_1_370' title='bbox 945 3649 970 3697; x_wconf 85' lang='lat' dir='ltr'><strong><em>te</em></strong></span> <span class='ocrx_word' id='word_1_371' title='bbox 981 3647 1086 3717; x_wconf 87' lang='lat' dir='ltr'><strong><em>tuaque</em></strong></span> <span class='ocrx_word' id='word_1_372' title='bbox 1098 3642 1258 3710; x_wconf 77' lang='lat' dir='ltr'><strong><em>committes,</em></strong></span> <span class='ocrx_word' id='word_1_373' title='bbox 1275 3650 1306 3699; x_wconf 86' lang='lat' dir='ltr'><strong><em>at</em></strong></span> <span class='ocrx_word' id='word_1_374' title='bbox 1322 3639 1416 3700; x_wconf 84' lang='lat' dir='ltr'><strong><em>labori</em></strong></span> 
     </span>
     <span class='ocr_line' id='line_1_37' title="bbox 185 3713 1326 3794; baseline 0.011 -24"><span class='ocrx_word' id='word_1_375' title='bbox 185 3713 325 3794; x_wconf 75' lang='lat' dir='ltr'><strong><em>confidere</em></strong></span> <span class='ocrx_word' id='word_1_376' title='bbox 339 3719 437 3776; x_wconf 67' lang='lat' dir='ltr'><strong><em>melius</em></strong></span> <span class='ocrx_word' id='word_1_377' title='bbox 451 3739 487 3778; x_wconf 87' lang='lat' dir='ltr'><strong><em>ac</em></strong></span> <span class='ocrx_word' id='word_1_378' title='bbox 501 3723 586 3781; x_wconf 82' lang='grc' dir='ltr'><strong><em>ιυιίαι</em></strong></span> <span class='ocrx_word' id='word_1_379' title='bbox 601 3725 646 3782; x_wconf 79' lang='grc' dir='ltr'><strong><em>αἰ.</em></strong></span> <span class='ocrx_word' id='word_1_380' title='bbox 692 3723 749 3783; x_wconf 85' lang='lat' dir='ltr'><strong><em>Sed</em></strong></span> <span class='ocrx_word' id='word_1_381' title='bbox 766 3741 820 3782; x_wconf 90' lang='lat' dir='ltr'><strong><em>uos</em></strong></span> <span class='ocrx_word' id='word_1_382' title='bbox 836 3731 991 3784; x_wconf 85' lang='lat' dir='ltr'><strong><em>moverunt</em></strong></span> <span class='ocrx_word' id='word_1_383' title='bbox 1007 3741 1110 3785; x_wconf 87' lang='lat' dir='ltr'><strong><em>versus</em></strong></span> <span class='ocrx_word' id='word_1_384' title='bbox 1125 3721 1326 3788; x_wconf 82' lang='lat'>396-399:</span> 
     </span>
    </p>

    <p class='ocr_par' dir='ltr' id='par_1_7' title="bbox 389 3832 1191 3926">
     <span class='ocr_line' id='line_1_38' title="bbox 389 3832 1191 3926; baseline 0.012 -29"><span class='ocrx_word' id='word_1_385' title='bbox 389 3833 428 3908; x_wconf 77' lang='grc' dir='ltr'><strong><em>ὡς</em></strong></span> <span class='ocrx_word' id='word_1_386' title='bbox 442 3832 490 3899; x_wconf 79' lang='grc' dir='ltr'><strong><em>καί</em></strong></span> <span class='ocrx_word' id='word_1_387' title='bbox 504 3841 552 3901; x_wconf 79' lang='grc' dir='ltr'><strong><em>νῦν</em></strong></span> <span class='ocrx_word' id='word_1_388' title='bbox 567 3839 614 3903; x_wconf 79' lang='grc' dir='ltr'><strong><em>ἔπ’</em></strong></span> <span class='ocrx_word' id='word_1_389' title='bbox 634 3839 677 3924; x_wconf 87' lang='grc' dir='ltr'><strong><em>ἔμ’</em></strong></span> <span class='ocrx_word' id='word_1_390' title='bbox 695 3835 794 3926; x_wconf 78' lang='grc' dir='ltr'><strong><em>ήλθες·</em></strong></span> <span class='ocrx_word' id='word_1_391' title='bbox 818 3841 870 3925; x_wconf 77' lang='lat' dir='ltr'><strong><em>iyai</em></strong></span> <span class='ocrx_word' id='word_1_392' title='bbox 887 3842 920 3904; x_wconf 80' lang='grc' dir='ltr'><strong><em>δι’</em></strong></span> <span class='ocrx_word' id='word_1_393' title='bbox 930 3865 972 3906; x_wconf 81' lang='grc' dir='ltr'><strong><em>τοι</em></strong></span> <span class='ocrx_word' id='word_1_394' title='bbox 986 3841 1035 3907; x_wconf 76' lang='grc' dir='ltr'><strong><em>οὐκ</em></strong></span> <span class='ocrx_word' id='word_1_395' title='bbox 1051 3842 1191 3916; x_wconf 71' lang='grc' dir='ltr'><strong><em>ἐπιδώσω,</em></strong></span> 
     </span>
    </p>

    <p class='ocr_par' dir='ltr' id='par_1_8' title="bbox 385 3918 1023 4010">
     <span class='ocr_line' id='line_1_39' title="bbox 385 3918 1023 4010; baseline 0.016 -28"><span class='ocrx_word' id='word_1_396' title='bbox 385 3918 449 3983; x_wconf 83' lang='grc' dir='ltr'><strong><em>οὐδ’</em></strong></span> <span class='ocrx_word' id='word_1_397' title='bbox 467 3919 652 4008; x_wconf 73' lang='grc' dir='ltr'><strong><em>ἐπιμετρήσω·</em></strong></span> <span class='ocrx_word' id='word_1_398' title='bbox 676 3924 802 4009; x_wconf 70' lang='grc' dir='ltr'><strong><em>ἐργάζευ,</em></strong></span> <span class='ocrx_word' id='word_1_399' title='bbox 817 3925 895 4009; x_wconf 82' lang='grc' dir='ltr'><strong><em>νήπιε</em></strong></span> <span class='ocrx_word' id='word_1_400' title='bbox 912 3929 1023 4010; x_wconf 80' lang='grc' dir='ltr'><strong><em>Πέρση,</em></strong></span> 
     </span>
    </p>

    <p class='ocr_par' dir='ltr' id='par_1_9' title="bbox 385 4004 1080 4094">
     <span class='ocr_line' id='line_1_40' title="bbox 385 4004 1080 4094; baseline 0.016 -27"><span class='ocrx_word' id='word_1_401' title='bbox 385 4004 465 4088; x_wconf 77' lang='grc' dir='ltr'><strong><em>ἔργα,</em></strong></span> <span class='ocrx_word' id='word_1_402' title='bbox 482 4007 520 4070; x_wconf 83' lang='grc' dir='ltr'><strong><em>τά</em></strong></span> <span class='ocrx_word' id='word_1_403' title='bbox 535 4007 562 4070; x_wconf 82' lang='grc' dir='ltr'><strong><em>τ’</em></strong></span> <span class='ocrx_word' id='word_1_404' title='bbox 581 4007 759 4094; x_wconf 76' lang='grc' dir='ltr'><strong><em>ἀνθρώποισι</em></strong></span> <span class='ocrx_word' id='word_1_405' title='bbox 775 4008 840 4076; x_wconf 79' lang='grc' dir='ltr'><strong><em>θεοί</em></strong></span> <span class='ocrx_word' id='word_1_406' title='bbox 855 4009 1080 4094; x_wconf 81' lang='grc' dir='ltr'><strong><em>διετεκμήραντο,</em></strong></span> 
     </span>
    </p>
   </div>
   <div class='ocr_carea' id='block_1_7' title="bbox 186 4135 1149 4351">
    <p class='ocr_par' dir='ltr' id='par_1_10' title="bbox 186 4135 1149 4351">
     <span class='ocr_line' id='line_1_41' title="bbox 186 4135 732 4206; baseline 0.026 -14"><span class='ocrx_word' id='word_1_407' title='bbox 186 4141 218 4192; x_wconf 90' lang='lat' dir='ltr'><strong><em>ut</em></strong></span> <span class='ocrx_word' id='word_1_408' title='bbox 234 4135 312 4194; x_wconf 87' lang='lat' dir='ltr'><strong><em>huuc</em></strong></span> <span class='ocrx_word' id='word_1_409' title='bbox 327 4156 444 4204; x_wconf 84' lang='lat' dir='ltr'><strong><em>versum</em></strong></span> <span class='ocrx_word' id='word_1_410' title='bbox 460 4143 502 4204; x_wconf 90' lang='lat' dir='ltr'><strong><em>sio</em></strong></span> <span class='ocrx_word' id='word_1_411' title='bbox 518 4143 732 4206; x_wconf 81' lang='lat' dir='ltr'><strong><em>scriberemus:</em></strong></span> 
     </span>
     <span class='ocr_line' id='line_1_42' title="bbox 442 4261 1149 4351; baseline 0.01 -25"><span class='ocrx_word' id='word_1_412' title='bbox 442 4261 571 4347; x_wconf 84' lang='grc' dir='ltr'><strong><em>δαιμόνι’,</em></strong></span> <span class='ocrx_word' id='word_1_413' title='bbox 587 4263 645 4336; x_wconf 80' lang='grc' dir='ltr'><strong><em>οἷος</em></strong></span> <span class='ocrx_word' id='word_1_414' title='bbox 659 4263 770 4347; x_wconf 72' lang='grc' dir='ltr'><strong><em>ἔησθα]</em></strong></span> <span class='ocrx_word' id='word_1_415' title='bbox 789 4266 822 4333; x_wconf 86' lang='grc' dir='ltr'><strong><em>τὸ</em></strong></span> <span class='ocrx_word' id='word_1_416' title='bbox 838 4265 1009 4350; x_wconf 81' lang='grc' dir='ltr'><strong><em>ἔρητίζεσθαι</em></strong></span> <span class='ocrx_word' id='word_1_417' title='bbox 1024 4265 1149 4351; x_wconf 74' lang='grc' dir='ltr'><strong><em>ἄμαινον·</em></strong></span> 
     </span>
    </p>
   </div>
   <div class='ocr_carea' id='block_1_8' title="bbox 178 4387 1410 4568">
    <p class='ocr_par' dir='ltr' id='par_1_11' title="bbox 178 4387 1410 4568">
     <span class='ocr_line' id='line_1_43' title="bbox 185 4387 1410 4490; baseline 0.02 -43"><span class='ocrx_word' id='word_1_418' title='bbox 185 4387 203 4450; x_wconf 84' lang='lat' dir='ltr'><strong><em>i.</em></strong></span> <span class='ocrx_word' id='word_1_419' title='bbox 221 4409 246 4448; x_wconf 84' lang='lat' dir='ltr'><strong><em>e.</em></strong></span> <span class='ocrx_word' id='word_1_420' title='bbox 263 4393 359 4466; x_wconf 78' lang='grc' dir='ltr'><strong><em>υιίιαν,</em></strong></span> <span class='ocrx_word' id='word_1_421' title='bbox 385 4417 471 4472; x_wconf 87' lang='lat' dir='ltr'><strong><em>quam</em></strong></span> <span class='ocrx_word' id='word_1_422' title='bbox 491 4398 521 4461; x_wconf 83' lang='lat' dir='ltr'><strong><em>in</em></strong></span> <span class='ocrx_word' id='word_1_423' title='bbox 544 4403 737 4462; x_wconf 80' lang='lat' dir='ltr'><strong><em>calamitatem</em></strong></span> <span class='ocrx_word' id='word_1_424' title='bbox 758 4407 860 4464; x_wconf 75' lang='lat' dir='ltr'><strong><em>venati</em></strong></span> <span class='ocrx_word' id='word_1_425' title='bbox 882 4399 934 4487; x_wconf 80' lang='grc' dir='ltr'><strong><em>(τίς</em></strong></span> <span class='ocrx_word' id='word_1_426' title='bbox 958 4405 1047 4469; x_wconf 88' lang='grc' dir='ltr'><strong><em>πόσον</em></strong></span> <span class='ocrx_word' id='word_1_427' title='bbox 1068 4404 1209 4490; x_wconf 76' lang='grc' dir='ltr'><strong><em>ἐλήλυθας</em></strong></span> <span class='ocrx_word' id='word_1_428' title='bbox 1230 4402 1410 4490; x_wconf 73' lang='grc' dir='ltr'><strong><em>συμφορᾶς)ἔ</em></strong></span> 
     </span>
     <span class='ocr_line' id='line_1_44' title="bbox 178 4481 1408 4568; baseline 0.012 -33"><span class='ocrx_word' id='word_1_429' title='bbox 178 4481 325 4554; x_wconf 66' lang='lat' dir='ltr'><strong><em>praestat</em></strong></span> <span class='ocrx_word' id='word_1_430' title='bbox 343 4481 484 4540; x_wconf 83' lang='lat' dir='ltr'><strong><em>laborare.</em></strong></span> <span class='ocrx_word' id='word_1_431' title='bbox 536 4485 590 4548; x_wconf 89' lang='lat' dir='ltr'><strong><em>iiic</em></strong></span> <span class='ocrx_word' id='word_1_432' title='bbox 620 4505 728 4550; x_wconf 80' lang='lat' dir='ltr'><strong><em>seusus</em></strong></span> <span class='ocrx_word' id='word_1_433' title='bbox 754 4485 906 4567; x_wconf 79' lang='lat' dir='ltr'><strong><em>aptissime</em></strong></span> <span class='ocrx_word' id='word_1_434' title='bbox 932 4489 1069 4568; x_wconf 79' lang='lat' dir='ltr'><strong><em>congruit</em></strong></span> <span class='ocrx_word' id='word_1_435' title='bbox 1094 4499 1157 4552; x_wconf 89' lang='lat' dir='ltr'><strong><em>tum</em></strong></span> <span class='ocrx_word' id='word_1_436' title='bbox 1188 4509 1255 4551; x_wconf 90' lang='lat' dir='ltr'><strong><em>curn</em></strong></span> <span class='ocrx_word' id='word_1_437' title='bbox 1286 4491 1408 4554; x_wconf 87' lang='lat' dir='ltr'><strong><em>consilio</em></strong></span> 
     </span>
    </p>
   </div>
   <div class='ocr_carea' id='block_1_9' title="bbox 0 0 1669 5308">
    <p class='ocr_par' dir='ltr' id='par_1_12' title="bbox 0 0 1669 5308">
     <span class='ocr_line' id='line_1_45' title="bbox 0 0 1669 5308; baseline 0 0"><span class='ocrx_word' id='word_1_438' title='bbox 0 0 1669 5308; x_wconf 95' lang='lat' dir='ltr'><strong><em> </em></strong></span> 
     </span>
    </p>
   </div>
  </div>
 </body>
</html>
