3326 5308
877 425 915 488 18

283 648 395 704 verunt.
419 639 556 702 Attamen
572 659 668 720 ireque
684 641 824 706 continua
841 653 886 706 est
901 663 1003 708 eorum
1020 646 1187 722 declinatio,
1210 657 1241 712 ut
1256 663 1412 729 argentum
1429 675 1513 731 euro,

282 746 333 790 aes
354 733 475 803 argento
499 732 528 786 et
547 725 658 788 terrum
679 746 748 788 aere
770 729 864 792 cedat.
909 731 1045 794 Ceterum
1062 733 1150 798 etiam
1165 753 1267 798 omnes
1282 735 1316 808 ii,
1342 740 1393 817 qni
1409 751 1513 820 postea

282 812 386 876 eodem
409 809 441 870 in
464 819 638 890 argumento
661 813 768 874 versati
791 814 874 888 sunt',
903 835 1082 896 quemquam
1112 818 1183 882 huio
1207 820 1323 882 Hesiodi
1347 825 1514 890 narrationi

282 916 384 982 presse
401 893 592 969 studuerunt,
618 915 696 960 unus
715 899 842 978 quisque
863 909 962 962 tamen
983 903 1019 963 de
1040 921 1095 964 suo
1116 903 1180 982 ipso
1202 905 1326 984 ingenio.
1345 909 1453 986 magis,
1478 923 1513 974 ut

281 979 496 1066 posterioribus
511 981 618 1042 seriem
635 983 822 1062 antiquorum
839 986 996 1048 verborum
1017 996 1079 1050 tum
1100 989 1130 1050 iu
1147 991 1278 1052 carmine
1298 999 1360 1054 tum
1375 991 1405 1054 in
1420 1013 1510 1072 prosa

282 1067 444 1140 traderent,
468 1085 556 1145 quarn
578 1066 614 1128 de
634 1087 733 1129 rernm
760 1071 818 1132 tide
839 1071 968 1143 solliciti,
992 1074 1117 1136 eandem
1140 1074 1344 1153 explicationis
1367 1078 1510 1142 rationem

282 1154 516 1216 elaboraverunt.
560 1151 604 1212 lta
620 1163 781 1234 quatuora
804 1157 929 1219 metallis
949 1157 1137 1222 denominata
1160 1160 1325 1222 seeundum
1348 1163 1508 1228 Hesiodum

281 1246 426 1302 memorat
441 1236 562 1300 Ovidius
579 1237 708 1314 (Metam.
725 1240 746 1300 l.
763 1240 803 1304 80
819 1243 927 1320 ςυρψ),
952 1251 1089 1322 quartum
1105 1252 1203 1307 autern
1219 1245 1340 1308 Hesiodi
1356 1249 1508 1312 heroicum

217 1365 222 1377 .
281 1341 375 1406 genus
395 1321 516 1396 omittit,
537 1322 712 1402 interrumpi
733 1323 836 1384 nolens
852 1325 995 1388 declivem
1016 1329 1046 1388 in
1067 1329 1153 1409 pejus
1174 1349 1293 1394 cursum
1313 1333 1404 1408 (conl.
1421 1334 1507 1396 etiam

281 1413 359 1474 bret.
382 1408 412 1468 in
435 1407 811 1480 tirossamen-1364
842 1409 937 1488 l'irgil.
958 1411 988 1473 in
1009 1413 1113 1490 Georg.
1129 1415 1152 1474 1.
1178 1415 1241 1480 125
1256 1437 1352 1497 seqq.;
1374 1419 1503 1482 Juvenal.

280 1493 411 1558 1111125
423 1495 526 1570 sequ).
558 1491 684 1554 Rubrius
700 1493 730 1552 in
747 1493 913 1556 tabularum
930 1497 1081 1574 prooemio
1097 1498 1228 1579 quinque
1243 1513 1388 1564 memoret
1402 1521 1504 1583 genera

281 1579 374 1666 (apud
389 1579 520 1656 Leunep.
537 1575 567 1636 in
583 1594 658 1638 corn.
676 1596 721 1638 vv.
735 1579 796 1642 100
811 1583 915 1661 seqql.
945 1581 1134 1644 decentiores
1150 1583 1326 1665 interpretes
1342 1587 1508 1666 indaganda

281 1662 410 1728 veritatis
422 1659 544 1740 uestigia
560 1671 730 1740 prementes
744 1665 822 1726 vario
835 1668 922 1728 modo
935 1669 972 1730 de
984 1669 1030 1730 bis
1043 1667 1173 1749 quinque
1189 1670 1348 1750 generibus
1360 1673 1509 1752 judicant3

281 1745 460 1827 verumquid
469 1765 570 1810 eorum
580 1747 938 1830 probariquidquerolelli
951 1755 1047 1828 liceat,
1061 1756 1221 1829 nescimus,
1233 1775 1330 1835 neque
1338 1777 1509 1836 possumus,

280 1835 351 1918 quin
367 1841 533 1906 tecearnus;
556 1851 632 1912 quan
647 1835 725 1895 enim
742 1834 882 1894 dicuntur
897 1838 990 1911 iringis
1005 1837 1138 1898 fabulosa
1154 1848 1237 1908 sunt,
1258 1857 1346 1914 quam
1362 1859 1411 1912 ea,
1433 1859 1510 1918 quae

279 1921 464 1984 illustrantur
480 1917 569 1996 (conl.
586 1917 688 1978 belus.
700 1917 717 1978 l.
730 1917 749 1976 l.
761 1936 789 1995 p.
801 1915 886 1987 230.;
908 1917 1018 1979 Nitsob.
1030 1919 1186 1996 Hemolog.
1198 1938 1227 1997 p.
1239 1919 1326 1992 467.;
1350 1922 1507 2001 Goettling.

280 2026 304 2068 v.
323 2005 383 2070 100
399 2021 475 2083 seon
497 2001 629 2078 Leunep.
645 2000 664 2060 l.
678 2020 716 2074 ος
740 1999 887 2062 Vollbehr.
902 2001 920 2061 l.
931 2001 952 2061 l.
964 2021 992 2081 p.
1003 2000 1045 2065 37
1058 2003 1140 2081 seo).
1170 2004 1205 2064 ln
1221 2003 1392 2066 universnm
1408 2013 1507 2066 autem

280 2086 494 2170 interpretandi
513 2084 657 2148 rationem
679 2103 808 2166 sequens
828 2105 863 2148 ex
879 2085 1010 2168 quinque
1025 2088 1084 2149 dno
1100 2106 1208 2165 genera
1224 2087 1339 2160 videas,
1364 2109 1440 2169 quae
1455 2090 1505 2164 dii,

278 2175 438 2258 Ὀλύμπια
453 2169 580 2256 δώματ’
598 2171 746 2254 ἔχοντες,
761 2181 1003 2253 p1·ocrcaverunt;
1028 2191 1153 2252 quorum
1171 2174 1294 2234 altermn
1310 2191 1433 2234 aureum
1448 2175 1505 2236 sub

279 2261 406 2324 Saturno
422 2257 528 2322 vixisse
544 2257 734 2332 describitur,
755 2257 879 2322 alterum
895 2266 1082 2338 argenteum,
1103 2259 1229 2318 Saturno
1246 2257 1281 2318 ab
1297 2259 1367 2318 Jove
1382 2258 1505 2335 Olympo

278 2347 408 2430 dejecto,
433 2345 470 2404 ab
491 2345 555 2424 ipso
575 2344 647 2406 Jove
667 2363 845 2408 concussum
869 2344 989 2423 penitus
1009 2343 1138 2405 deletum
1162 2353 1216 2404 est.
1247 2341 1380 2420 lienique
1394 2341 1506 2418 relique

280 2432 334 2494 tria
356 2429 413 2490 sub
436 2429 507 2488 iove
529 2428 625 2502 iisque
650 2427 707 2488 diis
730 2427 878 2498 vixerunt,
909 2429 959 2506 qni
983 2446 1041 2488 una
1064 2447 1132 2488 cum
1155 2429 1227 2488 Jove
1249 2426 1336 2486 sedes
1359 2424 1508 2504 Olympias

279 2525 380 2576 tencre
402 2509 586 2570 dicebantur.
632 2509 733 2586 Neque
756 2528 865 2588 negare
889 2511 1100 2588 possistotam
1123 2511 1201 2571 hano
1224 2511 1424 2570 narrationem
1443 2510 1509 2570 sine

280 2597 338 2660 ulla
354 2591 497 2656 relatione
513 2589 549 2652 ed
565 2591 797 2654 vetustissimam
813 2592 955 2654 Graeciae
970 2593 1122 2655 historiam
1138 2613 1206 2655 esse
1221 2593 1337 2655 dictam.
1376 2595 1413 2654 dt
1427 2601 1507 2656 certa

279 2680 325 2744 rel
344 2676 509 2760 probabilia
530 2676 586 2738 bec
601 2676 639 2738 de
659 2695 693 2738 re
708 2675 773 2738 aliis
789 2677 965 2752 omittimus,
985 2697 1082 2758 neque
1104 2678 1155 2752 iis,
1176 2679 1227 2758 qui
1242 2678 1397 2758 bucusque
1415 2679 1509 2740 multe

277 2766 518 2846 disputaverunt,
540 2761 764 2842 adstipulamur.
808 2765 932 2826 Versum
950 2762 1021 2827 106.
1035 2764 1199 2843 respiciunt
1212 2765 1342 2826 Zonaras
1358 2765 1398 2842 lp.
1413 2762 1508 2840 670),

282 2851 405 2932 Etymol.
420 2850 459 2910 lt.
475 2851 516 2927 lp.
532 2846 605 2911 322.
620 2845 684 2928 28.)
705 2856 734 2909 et
752 2849 925 2912 Eustatbius
948 2850 998 2926 (ad
1013 2850 1046 2911 ll.
1062 2869 1091 2930 p.
1108 2847 1199 2911 1850.
1214 2847 1266 2911 28.
1283 2847 1361 2930 epud
1376 2848 1508 2928 Lenuep.

279 2939 355 3015 lc).
380 2937 445 2998 Jam
459 2941 616 3014 antequam
630 2934 667 2994 ad
678 2933 905 2998 illustrationem
918 2935 955 2996 de
965 2935 1146 3014 genuinitate
1157 2952 1261 2996 versus
1277 2933 1346 2996 108.
1358 2933 1509 3013 ejusdem—

279 3028 432 3102 querceta
448 3018 690 3098 interpretatione
705 3020 872 3096 veniamus,
888 3020 1040 3100 paululum
1058 3020 1156 3081 adhuc
1171 3018 1208 3078 de
1223 3018 1288 3096 ipsa
1304 3035 1447 3097 generum
1463 3019 1507 3081 le·

245 3187 248 3196 ,
279 3106 352 3170 bula
367 3105 551 3168 disseramus
566 3123 690 3166 necesse
706 3114 760 3166 ost
804 3107 847 3166 Ex
862 3106 998 3166 versibus
1015 3104 1084 3166 150.
1102 3103 1176 3166 151:

504 3231 563 3294 σοὶ1
577 3221 603 3284 d'
620 3215 653 3303 ἦν
666 3221 773 3303 χάλκεα
786 3217 836 3304 μὲν
849 3221 961 3306 τεύχεα,
975 3219 1087 3305 χοῦκεοι
1101 3221 1134 3286 de'
1144 3231 1179 3286 σέ
1190 3213 1278 3300 οἶκοι.

502 3309 599 3392 χαλκῷ
614 3305 640 3368 d’
658 3305 824 3389 εἰργάζοντο·
838 3309 926 3386 pacior
941 3305 967 3369 δ’
985 3305 1034 3371 οὐκ
1049 3307 1110 3370 ἔσκε
1124 3307 1247 3390 σι’ὂρρος,

279 3445 434 3524 colligeres
453 3449 570 3523 poetam
593 3460 683 3504 aureo
699 3441 799 3521 generi
820 3461 931 3504 nomeu
946 3449 1026 3504 certe
1044 3441 1114 3503 inde
1133 3444 1243 3506 lactum
1260 3462 1327 3504 esse
1342 3445 1504 3516 oensrnsse,

280 3530 360 3612 quod
376 3529 455 3610 apud
471 3547 522 3590 eos
537 3527 636 3589 omnia
652 3537 753 3590 essent
768 3547 803 3589 ex
819 3547 886 3590 aere
902 3547 994 3601 arma,
1010 3528 1108 3600 aedes,
1124 3530 1331 3590 instrumenta.
1378 3530 1506 3602 Quidni

278 3611 419 3699 χρέσεοσ
439 3614 532 3696 γένος
550 3616 680 3674 similiter
694 3617 799 3674 dictim
814 3615 921 3674 censuit
935 3635 973 3674 ee
991 3635 1032 3686 eo,
1047 3617 1126 3692 quod
1138 3616 1174 3675 iis
1188 3617 1286 3675 omniu
1298 3625 1392 3676 σουουσ
1405 3629 1501 3679 aurea»

280 3712 312 3762 ut
326 3704 377 3761 doc
392 3720 503 3778 quoque
518 3701 578 3760 uita
591 3701 824 3777 promtissime
839 3701 969 3760 babuerit
983 3703 1111 3759 Deorum
1125 3702 1215 3760 vitae:
1243 3704 1398 3762 seeundum
1411 3705 1502 3757 autem

278 3807 369 3866 gertus
384 3795 550 3866 argenteum
564 3786 678 3860 diemm,
694 3788 772 3862 quod
779 3807 839 3864 pro
854 3786 963 3845 minore
981 3787 1119 3864 dignitate
1133 3795 1255 3846 ornatus
1269 3788 1304 3846 iis
1318 3795 1388 3846 esset
1400 3801 1437 3841 ex
1450 3781 1503 3838 boc

281 3873 398 3931 nrinmis
408 3871 498 3949 pretii
517 3872 653 3930 eremite!
682 3872 813 3930 Facilius
827 3872 940 3948 quidem
953 3873 992 3942 id,
1009 3873 1040 3930 ni
1046 3873 1154 3946 fallor,
1168 3873 1314 3942 Metilius,
1328 3887 1413 3946 quam
1428 3867 1506 3944 quod

279 3959 342 4016 uult
355 3957 500 4018 Sacerdos
514 3958 596 4032 opttd
608 3957 770 4016 Leteiunum
785 3953 920 4032 (satum.
937 3977 961 4016 c.
979 3959 1006 4015 8.
1026 3959 1057 4015 T.
1069 3959 1131 4016 ΙΙΙ.
1143 3965 1176 4034 p.
1194 3956 1285 4036 391),
1300 3953 1381 4014 merei
1392 3952 1505 4030 generis

280 4043 405 4102 domines
420 4038 626 4122 ὁλοχρύσους
640 4050 667 4100 et
679 4039 916 4122 χρυσηλάτοος
929 4043 981 4100 tibi
984 4043 1094 4120 fingas,
1110 4052 1163 4104 cut
1173 4064 1237 4102 eum
1250 4039 1423 4117 Goettlingio
1433 4039 1505 4096 duta

279 4127 438 4186 dominibus
452 4147 472 4184 a
486 4128 610 4186 metallis
624 4127 742 4186 nonna
757 4145 885 4198 censeas,
907 4130 985 4204 quod
994 4129 1076 4202 sueti
1088 4130 1214 4188 domines
1228 4135 1349 4196 eterra,
1364 4127 1407 4184 ud
1418 4141 1504 4200 quum

279 4215 399 4271 metelle
413 4213 559 4290 pertinent
577 4209 669 4288 (apud
684 4209 814 4290 Lennep.
830 4210 863 4272 in
882 4229 957 4272 com.
973 4231 1017 4276 rr.
1034 4211 1097 4275 109
1111 4214 1214 4292 seqq-t
1256 4210 1360 4290 tuque
1378 4209 1405 4270 si
1423 4207 1505 4266 locos

279 4295 376 4374 leges:
397 4297 538 4378 χρυσέην
550 4295 753 4377 Ἀφροδίτης
770 4289 811 4379 (v.
821 4295 894 4376 bit),
909 4296 1124 4380 πολυχρύσου
1136 4297 1347 4380 Ἀφροδίτης
1360 4289 1504 4374 (85210,

279 4379 424 4445 nicetae
438 4375 542 4462 Ἦρρν
554 4379 724 4463 Ἀργείην,
738 4382 909 4464 χρυσέοισι
923 4382 1298 4464 πεδέλοοςέμβεβαυῖαυ
1318 4381 1374 4455 (W
1392 4377 1439 4438 ll·
1457 4373 1504 4438 12·

279 4465 311 4528 in
326 4465 461 4544 Theop),
476 4475 556 4528 certe
571 4484 631 4526 non
646 4485 714 4526 oum
730 4467 884 4546 Apollonio
899 4466 943 4545 (in
958 4466 1040 4540 Lex.)
1054 4465 1230 4542 explicabis:
1249 4462 1371 4552 χρυσέη
1386 4461 1505 4544 Ἀφρο-

277 4551 351 4633 dt'ep
373 4560 420 4612 uti
438 4547 524 4632 nude)
547 4549 617 4617 riuti
639 4555 700 4633 τῆς
719 4551 797 4634 παρ’
820 4551 898 4633 ἡμῖν
918 4550 1185 4631 θαυμαζομένης
1202 4548 1288 4633 ὅλης.
1332 4546 1504 4610 Rectissime
