3326 5308
774 397 811 460 11

701 487 893 504 ...ω-Ἴ...-

188 621 388 686 etiam-Ethic.
408 621 495 696 VIII.)
519 628 548 680 et
570 619 766 681 Philostratus
789 621 839 696 (de
862 619 914 679 Vit.
934 619 1024 698 Soph.
1044 637 1072 698 p.
1094 615 1193 696 544.);
1215 635 1332 678 vorsum
1353 615 1402 678 26.

127 714 130 726 '
187 706 349 770 Scholiasta
370 706 407 766 ad
427 703 577 784 Euelpidis
598 704 833 766 Andromacham
855 704 892 784 (v.
907 701 980 767 471.
997 703 1042 764 ed.
1058 701 1214 781 Lenniogii
1230 702 1308 780 apud
1326 703 1404 762 Len·-

190 811 227 853 ne
249 793 289 852 .I.
304 792 350 869 c).
479 817 483 822 ·

228 811 247 872 p
270 876 304 935 In
327 873 461 936 rensibus
484 871 649 941 ute-105.
673 875 915 954 peculiarem,
939 874 1024 954 cujus
1047 872 1139 952 gratia
1162 880 1255 932 totum
1278 869 1405 931 instituit

189 979 320 1031 carmen,
341 966 407 1038 apte
422 966 535 1033 monet,
556 977 649 1037 egeno
670 977 729 1020 non
748 959 838 1020 licere
856 957 958 1020 litibus
977 957 1106 1038 rixisque
1128 955 1249 1018 madere
1263 973 1359 1034 neque
1373 955 1405 1014 in

187 1046 248 1104 loro
263 1044 387 1118 morari;
410 1045 466 1104 hoc
481 1044 560 1103 enim
577 1043 674 1103 divitis
690 1052 749 1128 εει,
772 1044 823 1104 sed
839 1042 973 1106 laborare
989 1060 1133 1122 suamque
1147 1060 1210 1102 rem
1225 1060 1278 1120 pro
1294 1039 1405 1100 viribus

186 1147 304 1206 augere.
347 1128 430 1188 Hanc
451 1127 529 1188 enim
545 1122 660 1210 visendi
679 1127 824 1198 'rationem
844 1135 907 1188 tum
920 1127 1060 1208 optimam
1076 1145 1155 1199 esse,
1176 1133 1239 1185 tum
1255 1125 1291 1185 ad
1312 1123 1405 1185 felici-

186 1221 274 1273 tatem
297 1212 404 1274 ducere
425 1211 585 1272 contendit.
628 1211 812 1288 Praeterea,
833 1231 909 1294 quae
928 1213 1066 1274 acerbum
1083 1211 1112 1271 in
1128 1211 1250 1271 modum
1266 1226 1405 1286 expressa

186 1307 262 1369 sunt,
278 1292 468 1374 sagacissime
483 1295 652 1357 Promethei
667 1305 697 1358 et
710 1294 863 1359 P'andoraa
880 1297 972 1358 utitur
986 1295 1103 1369 sabulis,
1120 1314 1244 1375 quarum
1261 1293 1309 1354 illa
1324 1292 1406 1353 calli-

186 1382 304 1444 ditatem
321 1401 355 1442 ac
371 1380 480 1452 dolum,
496 1380 572 1442 haec
584 1381 731 1448 avaritiam
745 1382 906 1462 significan
922 1397 997 1462 quaa
1008 1381 1107 1442 omnia
1121 1381 1284 1446 in'Persem
1296 1377 1405 1458 optime

186 1467 305 1536 cadunt,
324 1472 357 1526 ut
371 1483 406 1527 ex
420 1465 558 1526 versibus
569 1464 620 1529 38.
636 1466 687 1532 39.
703 1476 827 1530 constat.
867 1497 869 1504 ·

272 1549 377 1610 Perses
398 1549 467 1609 dom
488 1549 600 1611 interea
619 1550 787 1630 importuna
803 1552 860 1612 lori
875 1570 946 1614 cura
961 1550 1128 1629 negligebat
1140 1567 1204 1612 rem
1218 1547 1404 1617 familiarem,

187 1651 290 1711 quam,
312 1642 544 1710 perrenorum,
569 1653 604 1694 ex
623 1635 792 1713 petrImonii
812 1635 955 1695 divisione
971 1643 1137 1714 acceperat,
1158 1634 1194 1695 ad
1215 1631 1344 1710 inopiam
1359 1649 1406 1692 re-

189 1718 301 1789 dactus,
317 1717 498 1782 victumsihi
513 1735 617 1795 parare
633 1719 777 1796 cogitarit,
794 1719 820 1781 si
835 1718 917 1778 lratn'
932 1718 1012 1780 litem
1027 1720 1201 1780 intenderet
1222 1719 1327 1796 Itaque
1340 1725 1406 1776 tan·

189 1819 275 1878 quam
292 1801 358 1878 plus
374 1819 467 1878 aequo
482 1801 520 1864 de
534 1809 656 1880 patema
671 1803 833 1864 hereditate
849 1802 1041 1882 accipientem
1053 1803 1086 1864 Iu
1098 1803 1148 1882 ius
1163 1810 1260 1874 vocat,
1277 1809 1313 1874 ct,
1325 1799 1406 1880 judi-

187 1881 486 1962 cibus'targntonibus
494 1887 650 1963 corruptis,
662 1887 736 1966 petit
746 1888 782 1948 ab
791 1907 836 1959 eo,
849 1896 882 1948 nt
891 1887 1100 1966 patrimonium
1110 1887 1208 1948 denuo
1217 1885 1405 1965 partirentur,

187 1978 218 2030 ut
234 1987 267 2030 ex
284 1969 418 2030 versibus
433 1968 578 2032 34—39.
593 1970 697 2051 IIquet:

387 2087 506 2168 κτήμασ’
524 2087 570 2151 ἐπ’
588 2088 750 2170 ἀλλοτρίοις·
765 2087 810 2155 συὶ
825 2091 851 2154 δ’
869 2090 918 2156 οὐκ
933 2091 972 2156 ἔτι
986 2089 1109 2174 δεύτερον
1125 2089 1203 2155 ἔσται

388 2165 438 2234 οἷδ’
458 2171 549 2253 ἔρδειν·
566 2172 628 2236 ἀλλ’
648 2169 719 2237 αὐθι
733 2176 942 2256 διακρινώμεθα
955 2185 1044 2248 νεῖκος

391 2255 494 2335 ἰθείῃσι
509 2257 604 2330 δίκαις,
621 2253 691 2318 αἵτ’
710 2257 739 2318 ἐκ
753 2259 823 2330 Διός
837 2261 903 2322 εἰσιν
919 2257 1043 2340 ολρισται·

387 2335 438 2420 ἤδη
452 2330 500 2418 μὲν
515 2338 568 2419 γὰρ
582 2342 682 2421 κλῆρον
696 2340 883 2422 ἐδασσάμεθ’,
900 2340 973 2406 άλλα
987 2369 1017 2406 τε
1030 2342 1123 2407 πολλοὶ

387 2420 525 2503 άρπάζων
540 2423 653 2505 ἐφόρεις,
668 2425 739 2507 μίγα
753 2428 889 2490 κυδαίνων
903 2431 1040 2510 βασιλῆας

387 2506 581 2590 δωροφάγους,
596 2508 623 2573 οἳ
635 2507 715 2591 τήνδε
729 2511 804 2592 δίκην
819 2511 948 2578 laeum
962 2510 1100 2578 δικάσσαι.

186 2643 222 2700 nt
237 2641 346 2700 mavult
365 2651 463 2719 poeta,
484 2649 515 2702 ut
533 2641 589 2721 ipsi
604 2643 684 2704 domi
700 2644 805 2706 mellus
821 2666 853 2706 se
868 2647 1092 2709 reconciliarent
1107 2665 1200 2726 aequo
1215 2654 1314 2725 pacto,
1336 2664 1404 2724 pro-

186 2726 340 2803 ponilque:
370 2725 443 2786 ἀλλ’
467 2721 552 2790 αὐθι
570 2729 830 2810 διακρινώμεθα
846 2741 960 2801 νεῖκος
977 2733 1121 2811 'Idaspes
1134 2733 1257 2805 δίκαις,
1277 2727 1315 2792 αἵ
1324 2730 1351 2792 τ’
1369 2733 1404 2794 ιἰι

187 2807 267 2878 Διός
281 2806 364 2868 εἰσιν
379 2805 529 2887 άρισται,
545 2810 581 2868 ad
594 2810 727 2887 quamvis
742 2812 844 2872 talium
856 2813 992 2891 judicu-m
1004 2815 1179 2877 sententiam
1193 2813 1403 2890 effugiendum.

187 2890 297 2949 Locos:
313 2886 365 2954 oei
380 2890 406 2952 δ’
425 2889 482 2956 οὐκ
496 2890 544 2958 ἔτι
558 2893 715 2975 διάτορον
728 2894 826 2960 ἔσται
838 2891 904 2962 Ὧδ’
922 2897 1028 2978 ἔρδειν
1043 2899 1142 2960 fratris
1158 2898 1247 2962 vitam
1262 2899 1403 2960 hactenus

187 2981 365 3034 transactam
382 2975 500 3035 denotat
516 2977 606 3054 (conl.
622 2977 832 3055 vv.29-31.;
854 2982 991 3042 Proclnm
1006 3003 1031 3042 r.
1046 2983 1109 3046 34:
1123 2981 1196 3065 μετά
1210 2981 1259 3065 τὴν
1274 2979 1405 3063 διανομὴν

186 3067 242 3122 τών
262 3057 402 3138 πατρῴων
422 3055 552 3142 ἥρπαξας
571 3060 649 3144 τάμά
668 3072 727 3136 τοῖς
747 3062 860 3147 ἄρχωσι
876 3066 1016 3148 χρώμενος
1034 3068 1186 3150 συμμάχοις
1200 3062 1247 3130 καλ
1266 3062 1312 3149 ἐμὲ
1326 3090 1402 3130 σοκο

185 3147 310 3224 mcccciv·
333 3143 381 3208 οὐκ
402 3145 441 3207 ἔτι
459 3141 489 3208 δὲ
503 3141 550 3208 καλ
565 3145 690 3227 διάτορον
703 3147 821 3230 ὑπάρξει
836 3176 879 3214 σοι
899 3151 945 3216 διὰ
959 3150 1008 3234 τὴν
1023 3149 1281 3235 φιλοπραγμοσύνην
1295 3148 1333 3214 τά
1349 3149 1402 3231 ἐμοὶ

185 3225 319 3309 ἁρπάζειν
333 3228 470 3309 προςώντι
483 3229 567 3293 πάλιν
579 3229 698 3307 ’ἐκείνοις
714 3231 786 3314 κάμὲ
798 3240 1036 3319 συκοφαντοῦντι).
1079 3238 1204 3298 Locum:
1228 3234 1301 3299 ἀλλ’
1319 3228 1403 3298 αὐθι

185 3311 443 3394 διακρινώμεθα
456 3325 566 3386 νεῖκος
583 3315 724 3398 Ίθείρσι
738 3320 860 3399 δίκαις,
875 3321 916 3380 ita
930 3321 1053 3386 Procius
1068 3322 1118 3402 (ad
1129 3320 1207 3399 λιν.)
1222 3328 1301 3382 recle
1312 3320 1403 3383 inter·

185 3403 329 3499 ppetatur:
359 3395 432 3462 άλλολ
450 3395 505 3464 νυν
524 3398 629 3504 μεταξὺ
647 3396 724 3484 ἡμῶν
743 3400 876 3486 ἀλλήλους
894 3405 1094 3488 διαλυσώμεθα
1109 3417 1172 3480 ταῖς
1191 3406 1304 3479 δικαίως
1318 3431 1402 3486 κρινο-

184 3505 278 3582 pepone
292 3482 379 3552 δίκαις
394 3481 434 3544 ἐπ’
451 3483 585 3557 εὐθειαις.
626 3489 662 3550 Α
667 3479 725 3564 ὐθι
739 3497 836 3550 aulem
853 3489 942 3570 (conf.
958 3510 984 3550 v.
999 3489 1045 3552 44
1055 3495 1074 3550 l:
1104 3487 1177 3557 τὸδ’
1196 3491 1273 3572 ἔργον
1288 3487 1402 3553 ἐτώσιον

186 3573 269 3626 ανθι
287 3564 398 3628 λίποιεν.
433 3565 518 3628 Hom.
539 3569 572 3628 II.
587 3572 629 3632 A.
648 3569 726 3635 492:
750 3565 833 3638 αὐθι
853 3577 950 3657 μένων.
993 3581 1028 3638 Ζ.
1044 3573 1128 3640 2813
1158 3570 1197 3646 ώς
1219 3567 1402 3638 κεύίαύθι

185 3651 216 3708 Γ
213 3647 264 3710 αιά
276 3647 364 3730 χάνοι.
380 3656 422 3736 Η
435 3649 503 3716 100.
517 3647 610 3738 ἥμενοι
625 3648 709 3720 αὐθι
724 3654 835 3722 ἕκαστοι
848 3653 977 3744 άκήριοιι)
993 3679 1046 3738 pro
1061 3659 1187 3726 αὐτόθι
1202 3660 1292 3736 (conf.
1302 3678 1328 3718 v.
1337 3655 1401 3718 965

183 3730 268 3826 μούνη
291 3731 316 3792 δ’
335 3733 459 3798 αὐτόθι
479 3735 584 3810 Ἐλπίς.
622 3740 676 3800 Od.
697 3739 791 3804 Ir29:
815 3735 929 3824 ᾖμίνμ’
952 3743 1074 3810 αὐτόθ’
1097 3744 1193 3826 ἔρυκε)
1215 3745 1262 3804 hic
1287 3741 1401 3813 elicitur,

183 3834 202 3874 t.
225 3835 250 3876 c.
272 3811 342 3880 οίκοι
364 3817 453 3895 (conl.
473 3840 498 3879 v.
521 3819 605 3884 365:
628 3820 716 3888 οίκοι
734 3827 959 3909 βέλτερυνείναι,
978 3826 1036 3894 ἐπεὶ
1054 3827 1189 3912 βλαβερὸν
1207 3825 1240 3892 τὸ
1258 3824 1402 3908 almeo),

185 3919 311 3976 quocum
333 3908 361 3961 et
376 3904 462 3964 verba
481 3905 611 3986 ι’θείρσι
629 3909 743 3982 δίκαις
762 3920 941 3989 congruunt3
963 3917 997 3973 de
1017 3918 1078 3974 loeo
1093 3913 1173 3974 enim
1187 3911 1295 3973 rectius
1311 3910 1402 3990 expli·

187 3994 315 4076 caretur,
332 3987 410 4064 quod
426 3987 546 4049 'Izetzes
563 3991 655 4069 (adh.
673 3998 710 4068 v.)
727 4005 841 4067 monet,
858 4015 945 4076 quam
962 4000 996 4056 de
1011 4007 1150 4077 tempore,
1167 4005 1198 4057 ut
1213 3997 1401 4058 Hermannus

186 4065 229 4144 (m
244 4068 368 4145 Opuscc.
385 4072 430 4132 VI.
446 4092 474 4152 p.
493 4071 590 4153 145),
606 4076 742 4138 Proclum
757 4081 1040 4160 Moschopulumque
1057 4082 1106 4160 (ad
1122 4083 1150 4142 h.
1166 4082 1215 4161 κ),
1232 4090 1264 4141 ot
1277 4081 1400 4150 videtur,

184 4159 304 4245 secutus
317 4155 533 4236 interpretatur.
568 4161 732 4236 Sententia,
752 4183 845 4242 quam
860 4165 1107 4228 llltscherlichius
1125 4185 1180 4244 per
1199 4170 1290 4226 decem
1310 4165 1400 4246 (aliud

184 4235 337 4331 Goettlmg.
354 4242 390 4301 ad
405 4262 430 4302 v.
446 4241 510 4320 35.)
527 4251 557 4302 et
571 4243 765 4324 Goettlingius
779 4267 833 4327 per
851 4253 953 4310 ιἰωυοι
971 4251 1002 4330 (l.
1019 4251 1056 4328 ο.)
1077 4251 1217 4323 reddunt,
1241 4249 1329 4311 nimis
1353 4269 1401 4310 ex-

186 4329 310 4416 cogitata
325 4333 382 4397 est,
404 4346 501 4406 neque
516 4327 626 4401 elucet,
642 4332 720 4392 unde
735 4332 821 4394 talem
837 4334 963 4396 educere
978 4335 1084 4414 possis.
1118 4337 1237 4397 θείοιο
1252 4334 1401 4395 intellexe

187 4415 256 4466 runt
269 4413 357 4466 otram
372 4409 520 4487 Spohnius
536 4413 643 4492 utique
658 4417 748 4494 (conl.
763 4417 835 4478 Bed.
849 4418 895 4479 l.l.
912 4439 941 4498 p.
950 4419 1044 4496 422).
1074 4419 1244 4499 Leunepios
1267 4419 1309 4498 (in
1325 4437 1400 4480 eom.

188 4506 231 4546 vv.
247 4485 287 4551 34
302 4491 396 4570 sequ)
422 4493 493 4558 haec
515 4499 665 4578 exprimil:
690 4494 773 4568 αὐθι
791 4505 829 4580 (v,
844 4502 907 4583 35.)
926 4527 986 4568 aon
1003 4517 1046 4578 eet
1064 4508 1094 4568 in
1108 4515 1267 4584 posterum,
1290 4526 1401 4575 rursus,
