3326 5308
896 405 940 470 46

819 499 1020 511 ——--—-..

308 629 335 680 et
349 621 480 680 cmlibem
499 631 526 680 et
545 625 665 702 triqinta
684 627 771 685 annu
786 629 935 701 juniorem
949 631 1046 704 smisso
1063 634 1205 710 sequitur:
1226 655 1278 694 nec
1297 659 1371 699 saue
1383 655 1523 720 repuqnot

306 727 516 784 capracorum
536 710 616 778 399„
638 729 699 770 cum
724 713 749 770 is
770 713 892 791 inteili9i
906 717 1000 790 possit
1018 717 1053 774 de
1070 727 1210 794 ternpore,
1232 741 1286 797 quo
1303 726 1414 786 Persae
1427 731 1523 800 fleturi

307 802 398 850 essent
420 813 497 852 unci·
514 803 541 851 et
560 795 656 854 tiberi:
676 805 703 854 et
721 817 789 856 nero
809 801 920 870 cannia,
944 821 1020 877 quae
1038 803 1073 860 de
1088 806 1182 863 Persa
1200 807 1231 864 in
1250 809 1300 865 boc
1318 813 1447 871 carmine
1467 823 1525 873 tm·

306 879 428 948 duntum
449 881 588 952 equsuiodi
604 891 685 950 sunt,
709 891 741 940 ut
754 883 913 956 juvenilem
932 889 993 960 ejus
1007 895 1129 946 mem
1148 899 1175 948 et
1190 901 1360 966 protervam
1372 897 1440 955 bino
1459 900 1553 957 ieci.

306 972 394 1022 man
412 983 535 1042 acquire
554 966 715 1025 uideantur.
761 967 882 1026 Versum
902 966 974 1030 696.
994 970 1157 1048 respiciunt
1175 973 1258 1035 Pisto
1282 977 1331 1054 (de
1348 978 1473 1057 Republ.
1495 983 1526 1042 V.

307 1066 335 1124 p.
348 1044 436 1119 460„
452 1047 489 1108 de
504 1047 592 1126 chg.
610 1049 654 1110 Vl.
671 1067 700 1128 p.
717 1049 815 1128 772),
838 1051 1008 1114 Aristoteles
1025 1055 1100 1125 (Pol.
1116 1057 1175 1118 vll.
1193 1057 1268 1134 14.),
1289 1063 1464 1124 Plutarchus
1480 1067 1523 1139 (iu
1576 1097 1579 1103 ·

307 1133 400 1192 Amat.
426 1151 452 1192 c.
474 1129 503 1194 8.
526 1151 555 1211 p.
573 1131 643 1197 753.
665 1136 711 1212 Α.)
736 1143 764 1195 et
786 1137 958 1200 Eustachius
980 1140 1029 1215 (ad
1053 1141 1085 1201 ΙΙ.
1110 1160 1138 1221 p.
1158 1140 1207 1204 97.
1238 1144 1414 1210 mutuatur
1435 1150 1522 1210 etiem

307 1216 475 1278 Bruuckius
490 1217 520 1278 in
536 1218 620 1279 Auel.
636 1219 688 1280 ΙΙΙ.
704 1241 732 1300 p.
750 1219 846 1298 um).

390 1301 524 1381 lienique
540 1322 555 1363 a
572 1323 658 1365 versu
675 1304 745 1368 765.
762 1308 908 1384 usquead
926 1309 1016 1369 finem
1032 1311 1231 1374 calendarium
1247 1315 1478 1380 vetustissimum
1495 1329 1523 1379 et
1556 1353 1560 1362 ·

306 1387 432 1448 maxime
453 1390 653 1450 necessarium
677 1389 861 1468 adjungitur,
884 1390 915 1450 in
938 1411 998 1472 quo
1019 1395 1107 1456 iausti
1132 1407 1160 1456 et
1183 1398 1303 1459 infausti
1325 1399 1388 1460 dies
1408 1403 1523 1480 praeci-

176 1558 182 1570 ·
306 1473 435 1553 piuutur.
473 1471 649 1534 Plutarchus
669 1474 711 1551 (in
728 1474 840 1534 Camill.
861 1495 886 1534 c.
907 1476 981 1536 xix.
1004 1477 1087 1538 Tom.
1105 1479 1124 1539 Ι.
1146 1499 1174 1559 p.
1191 1483 1262 1546 253.
1284 1485 1331 1545 sd.
1348 1485 1439 1564 Gor),
1461 1485 1520 1564 qui,

307 1567 382 1620 teste
396 1558 490 1618 Gellio
506 1558 580 1633 (XX.
596 1556 651 1636 8.),
677 1558 732 1618 uu
747 1559 868 1620 Hesiodi
884 1571 1111 1636 commentator,
1136 1565 1221 1640 nihil,
1244 1569 1322 1646 quod
1343 1571 1473 1632 traheret
1487 1571 1522 1629 ad

306 1642 517 1723 suspicandum
532 1642 616 1737 ,hauc
640 1644 779 1705 carminis
802 1654 931 1724 partem,
957 1649 1076 1727 profert.
1125 1650 1214 1712 Recte
1237 1651 1424 1715 Vollbehrius
1451 1655 1481 1729 (l.
1505 1654 1523 1714 l.

307 1749 334 1807 p.
351 1728 399 1790 79.
416 1727 490 1806 seq.)
512 1735 566 1787 ait:
589 1738 674 1806 atque
694 1751 780 1808 quum
799 1735 943 1792 Hesiodus
962 1745 1049 1794 antea
1070 1737 1165 1795 uteri
1185 1758 1303 1814 operam
1323 1743 1451 1800 mndata
1467 1760 1526 1798 esse

305 1815 422 1886 aum,
437 1817 516 1892 quod
528 1816 584 1891 ipsi
598 1817 639 1874 dii
652 1817 810 1875 bominibus
825 1819 938 1874 labores
952 1821 1127 1876 indicassent
1148 1815 1258 1899 (Ἐργα
1277 1822 1319 1882 τά
1339 1825 1366 1884 τ’
1388 1821 1526 1905 ἀνθρώ-

304 1923 401 1964 notat
415 1895 495 1962 beai
510 1896 773 1976 διετεκμήραντο
789 1919 815 1954 v.
832 1900 902 1954 398.
919 1898 949 1954 iu
966 1917 989 1955 S.
1006 1899 1050 1956 cd.
1066 1898 1164 1971 400),
1181 1904 1298 1975 ideoque
1307 1909 1450 1978 propi-ios
1464 1909 1525 1967 uni.

304 1987 404 2064 cuique
426 1984 507 2058 operi
528 2000 636 2038 meuses
657 1980 840 2056 siqnificarit,
860 1983 954 2056 piane
979 1991 1197 2041 consentaneum
1223 1993 1276 2054 est,
1305 2007 1383 2045 nunc
1403 1999 1522 2064 poetam

305 2071 429 2142 amplisu
443 2065 528 2121 etiam
541 2064 669 2140 sinqutos
687 2084 805 2140 operum
824 2065 896 2135 dies,
918 2068 969 2141 qui
986 2076 1014 2124 et
1030 2068 1088 2143 ipsi
1106 2069 1143 2125 ab
1163 2070 1325 2146 siqnificata
1342 2073 1459 2130 morum
1473 2093 1521 2132 cc·

306 2156 414 2210 lentate
429 2149 588 2225 moisem,
612 2159 748 2208 aomrute
767 2150 894 2226 defluas.
919 2153 1018 2227 Neque
1036 2153 1066 2210 iu
1085 2154 1140 2212 boc
1159 2157 1260 2214 ultima
1280 2157 1419 2216 carminis
1436 2168 1524 2233 parte

304 2237 341 2294 ab
366 2254 401 2294 ca
427 2235 614 2309 componendi
636 2237 708 2312 ispe,
734 2255 821 2311 quam
845 2236 961 2310 saepius
983 2239 1229 2312 dequebeudimus
1250 2249 1340 2314 poeta
1363 2243 1524 2302 declinasse

302 2322 423 2380 moena.
462 2315 575 2378 Similia
590 2317 676 2378 docet
691 2317 778 2378 etiam
792 2318 963 2398 Lennepius
979 2319 1022 2397 (iu
1037 2338 1112 2380 com.
1129 2319 1199 2383 766.
1216 2323 1326 2402 seqq.):
1342 2325 1524 2386 acediosum

303 2408 379 2466 otios
386 2408 517 2479 faustos,
541 2406 616 2463 alios
630 2405 785 2477 infaustos,
812 2415 839 2463 et
851 2409 1021 2478 sauctorum
1041 2407 1115 2464 alim
1133 2409 1175 2466 ad
1193 2409 1284 2468 aliam
1298 2427 1358 2468 rma
1372 2414 1523 2488 aquodam,

304 2500 440 2550 coumaus
447 2490 509 2563 'sciit
524 2491 704 2564 antiquitatis
718 2491 829 2566 opinio,
844 2492 976 2566 quamuis
985 2511 1044 2567 pro
1059 2493 1179 2550 divmsss
1192 2495 1293 2550 seculis
1312 2503 1338 2550 et
1354 2498 1423 2552 tocie
1436 2499 1523 2556 caria

295 2576 411 2650 suarim
431 2575 574 2632 domiuum
593 2593 682 2650 super
702 2576 784 2633 cutis
809 2575 918 2645 diebus,
944 2579 991 2634 cet
1007 2577 1118 2650 foueas
1143 2580 1189 2634 cot
1215 2578 1350 2650 infaustis
1375 2579 1520 2647 habendis,

297 2661 423 2735 judicia.
463 2659 593 2718 Ueterum
608 2660 638 2717 in
649 2660 755 2736 peinais
768 2679 880 2736 seraper
893 2663 1041 2737 aqricoloe
1047 2663 1183 2734 fuerunt,
1199 2663 1248 2738 qui
1260 2663 1379 2718 mudum
1394 2661 1522 2737 opinioni

304 2747 349 2805 itti
373 2746 542 2814 tribuerent,
567 2746 788 2822 plurimamque,
807 2749 868 2821 εγαε
891 2748 1033 2805 cadmum
1056 2747 1199 2805 baberent.
1242 2748 1344 2822 Itaque
1367 2745 1520 2804 Hesiodum

306 2833 391 2891 mam
414 2831 540 2889 uidemus
556 2839 626 2906 post
643 2840 803 2906 praccepta
826 2833 860 2888 de
882 2833 1063 2909 apriculturo
1085 2833 1196 2890 tradita
1217 2833 1271 2889 bac
1287 2840 1435 2906 postremo
1458 2849 1522 2888 car-

305 2918 389 2976 minis
410 2917 456 2974 saei
472 2925 561 2992 parte
578 2935 637 2990 pro
658 2917 704 2973 sui
723 2917 811 2973 secuti
833 2920 921 2974 meone
942 2917 1031 2991 qrsius
1056 2917 1189 2990 opinione
1214 2935 1369 2990 exponere,
1393 2915 1442 2990 qui
1464 2916 1523 2972 dies

305 3002 409 3062 meseia
425 3021 502 3076 prae
521 3002 620 3058 temris
641 3003 683 3058 ad
699 3009 791 3058 certas
810 3021 855 3058 res
873 3003 1003 3078 aqcndas
1021 3001 1103 3057 utiles
1122 3001 1245 3056 debendi
1263 2999 1438 3074 etiqasdique
1456 3000 1523 3071 sint,

305 3089 475 3160 referentem
488 3086 574 3144 etiam
584 3087 710 3154 subinde,
725 3105 783 3159 quo
803 3087 838 3142 de
849 3105 938 3143 causa
953 3093 1046 3141 cerua
1057 3083 1115 3138 dies
1130 3084 1303 3154 aitsanctus
1317 3086 1364 3140 oei
1377 3083 1523 3155 infaustus

305 3174 341 3230 sit
361 3173 432 3248 (oid.
451 3191 497 3228 oo.
518 3173 581 3228 771.
602 3172 671 3226 776.
693 3169 791 3242 803),
815 3169 945 3242 momnis
966 3168 997 3223 in
1017 3166 1178 3222 universum
1191 3167 1346 3239 felicitatis
1363 3171 1410 3225 eet
1427 3168 1520 3241 infeli·

305 3258 400 3316 citatis
413 3257 521 3314 dierum
536 3273 640 3310 causas
654 3253 691 3308 ab
706 3253 779 3308 Jove
792 3257 914 3324 repetat,
930 3268 1013 3306 versu
1027 3249 1072 3306 bic
1090 3250 1160 3306 766.
1176 3259 1204 3308 ct
1216 3271 1285 3308 moa·
1299 3269 1327 3309 a.
1347 3254 1415 3309 7⁶¹9.
1432 3250 1519 3326 (ocni.

306 3338 400 3399 Procl.
421 3357 446 3396 v.
469 3334 569 3411 766).
598 3333 681 3392 Hanc
703 3331 846 3392 carminis
863 3338 974 3410 partem
998 3331 1163 3399 arctissime
1185 3351 1252 3394 cum
1275 3335 1521 3412 praecedentibus

303 3425 437 3500 junctam
454 3438 520 3480 osse
534 3417 664 3478 ostendit
678 3415 765 3478 etiam
782 3416 917 3478 Rsnkius
932 3416 962 3487 (l.
978 3416 997 3476 l.
1014 3437 1042 3496 p.
1061 3415 1109 3478 18.
1126 3437 1187 3498 seq.
1204 3438 1232 3498 p.
1247 3418 1298 3482 39.
1332 3419 1415 3482 sont.
1433 3421 1521 3480 etiam

306 3507 377 3566 Boo.
393 3505 411 3566 i.
428 3505 445 3566 Ι.
463 3521 492 3583 p.
507 3501 605 3576 432).
641 3503 779 3564 Fortasse
794 3503 830 3564 ab
846 3503 903 3562 heo
917 3512 1000 3581 parte
1016 3501 1261 3586 nominiOE'pyms
1276 3511 1305 3564 et
1319 3503 1356 3568 τὸ
1368 3502 1520 3588 Ἡμεραῑα

305 3589 472 3670 appositum
493 3597 581 3648 esset.
619 3589 655 3649 at
675 3587 819 3649 incertum
840 3595 897 3660 est,
923 3607 1010 3667 quem
1034 3587 1150 3650 titulum
1174 3589 1238 3668 ipse
1260 3598 1346 3667 pocta
1367 3589 1435 3650 huic
1457 3607 1522 3650 cer·

306 3674 379 3738 mini
393 3672 587 3753 inscripserit.
624 3673 758 3736 Raukius
773 3665 803 3746 (ἶ.
819 3673 838 3734 Ι.
853 3692 882 3752 p.
900 3672 941 3746 1.)
957 3673 993 3734 dc
1008 3674 1065 3734 hoc
1080 3674 1229 3734 recensuit
1243 3673 1299 3736 sic:
1320 3679 1397 3752 quod
1410 3678 1520 3754 quidem
1639 3681 1640 3758 J

296 3763 441 3837 judicium
457 3770 487 3820 ut
502 3763 597 3820 multis
612 3762 720 3820 causus
739 3761 952 3838 canonibusque
972 3760 1108 3830 stabiliri,
1131 3762 1172 3819 ita
1193 3763 1275 3820 autin
1295 3781 1326 3818 re
1345 3762 1436 3838 muqis
1454 3777 1519 3818 eon-
1639 3797 1640 3838 3

297 3848 418 3924 flmuari
431 3867 517 3923 posse
532 3847 691 3918 uidebatur,
712 3867 799 3923 quam
814 3865 846 3904 eo
861 3847 1000 3916 carmine,
1021 3847 1099 3922 quod
1111 3839 1213 3925 Ἔργα
1233 3854 1259 3904 et
1270 3842 1409 3926 Ἡμέραι
1422 3845 1448 3902 si
1462 3864 1522 3903 uon

306 3933 342 3991 ab
359 3933 485 3990 Hesiodo
500 3932 575 4008 ipso,
598 3941 672 3989 certe
685 3935 752 4006 jam
769 3931 972 4008 antiquissimis
992 3929 1164 4006 temporibus
1178 3940 1310 3990 uocatum
1330 3940 1371 3989 eet
1383 3948 1521 3988 ammae-

306 4037 360 4093 que
374 4019 520 4075 uetustatis
539 4017 658 4094 oestiqia
676 4017 782 4074 nemini
799 4037 858 4074 non
878 4016 1006 4074 ostendit
1043 4014 1137 4074 immo
1153 4013 1347 4094 Goettlingius
1370 4012 1413 4089 (in
1429 4013 1518 4092 praef.

306 4119 335 4179 p.
352 4099 490 4177 XXXVl.)
507 4101 579 4161 hacc
595 4099 680 4160 dixit:
700 4122 736 4160 ac
749 4101 877 4176 primum
897 4099 1008 4176 quidem
1025 4108 1120 4176 potest
1137 4103 1185 4158 cel
1199 4102 1296 4160 leuiter
1310 4099 1518 4174 inspicientibus

309 4186 515 4246 Calendarium
530 4189 608 4245 istud
615 4185 760 4262 posterius
775 4185 916 4260 asbestum
931 4204 1009 4243 essen
1024 4177 1124 4266 Ἔργα
1139 4187 1213 4244 enim
1222 4185 1319 4260 primo
1334 4187 1521 4260 appellantur

306 4273 377 4332 boec
401 4273 533 4332 camnine
555 4269 702 4348 (Pausau.
726 4273 782 4330 HL
807 4268 868 4348 31.)
893 4289 945 4328 nea
967 4269 1174 4346 Aristophanes
1199 4265 1292 4344 (Rau.
1314 4268 1415 4347 teet.)
1440 4285 1521 4327 nosse

307 4357 418 4421 uidetur
442 4353 581 4437 ἡμέρας,
603 4365 707 4432 posteo
732 4375 800 4416 nero
822 4349 923 4434 Ἔργα
948 4349 1004 4416 καὶ
1030 4350 1190 4433 Ἡμέρας,
1216 4373 1303 4428 quum
1324 4355 1522 4412 salmonum

307 4442 448 4515 affectum
468 4451 541 4502 essm
561 4442 615 4516 (cf.
636 4451 668 4500 ut
687 4443 739 4500 boc
761 4442 890 4515 exempto
912 4447 993 4510 utar,
1016 4441 1111 4513 thm.
1129 4439 1169 4495 M.
1187 4455 1220 4513 p.
1237 4440 1302 4518 38.‚
1319 4435 1384 4515 m).
1422 4440 1484 4496 Nec
1503 4458 1523 4496 a

305 4527 416 4590 Boeoto
431 4530 594 4604 profectum
613 4545 672 4588 esse
688 4533 783 4604 potest
801 4524 998 4584 calendarium
1016 4530 1141 4600 propter
1153 4524 1295 4598 fabatum
1313 4523 1348 4580 de
1367 4523 1522 4602 appolline
