3336 5300
874 373 914 440 12

792 461 993 478 ·-····*———-.

280 573 619 645 denuo,otreceottorom
629 586 816 666 interpretum
822 598 1156 683 pleriqaereddideroot,
1171 619 1230 696 sed,
1245 627 1277 677 ot
1287 633 1363 683 recte
1378 628 1495 698 Veteres,

280 653 419 732 αὐτόθι,
439 659 472 723 ἐν
491 667 536 743 αφ’
554 668 713 751 παρόντι,
733 678 789 740 νῦν
809 677 900 756 (⁶0⁷tf·
916 688 1079 753 Hermann.
1096 699 1114 756 l.
1130 697 1179 777 a).
1223 700 1308 766 Nune
1323 725 1392 768 vero
1408 729 1494 790 quae-

278 736 366 814 ritur,
387 743 424 804 de
439 763 566 824 quonam
582 752 647 814 loco
661 753 699 819 πὸ
715 752 799 825 αὖθι
814 763 862 826 hio
876 765 1101 850 intelligendum
1116 779 1163 840 sit.
1193 783 1379 854 Probabilius
1387 795 1495 862 Ascrae

276 830 342 970 {pp
358 836 437 974 οδεδήῑ
450 829 571 980 λέἕιῧίοάἰ
589 855 680 902 causa
699 861 766 904 eum
785 846 890 926 fratre3
912 853 969 914 hoe
989 857 1067 920 enim
1087 863 1174 942 plane
1194 876 1373 938 testarentur
1391 899 1496 947 versus

478 1049 536 1134 οἵην
550 1055 583 1161 δή
597 1054 646 1122 καὶ
659 1060 756 1144 τήνδε
770 1067 865 1150 δίκην
879 1071 978 1146 πόλις
992 1078 1070 1152 ἐντὸς
1084 1082 1175 1167 ἔοργα·

476 1134 516 1208 ὡς
530 1164 578 1206 και
591 1146 638 1206 νῦν
653 1145 703 1209 ἐπ’
719 1146 767 1230 ἔμ’
784 1144 896 1233 ήλθες·
912 1157 965 1238 e'yoi
981 1163 1014 1224 δι’
1023 1188 1067 1228 τοι
1080 1167 1130 1232 οὐκ
1143 1171 1279 1240 ἐπιδώσω.
1329 1224 1332 1230 ·

475 1215 508 1292 ὅς
521 1247 590 1289 πονε
603 1223 651 1291 καὶ
665 1231 737 1312 τῇδ’
752 1227 849 1316 ἦλθε,
864 1241 951 1306 πολύν
965 1245 1012 1310 ot
1026 1249 1129 1316 πόντον
1144 1251 1278 1334 ἀνύσσας.

271 1344 349 1407 Num
374 1360 459 1428 poeta
483 1355 553 1418 alibi
576 1361 709 1440 degerit?
745 1367 939 1452 Goettlingius
959 1377 997 1457 (v.
1022 1380 1108 1464 635.)
1145 1391 1323 1458 Orchomeni
1342 1419 1410 1462 oum
1425 1423 1482 1466 non

169 1490 201 1516 ,ι
272 1429 381 1495 Ascrae
396 1454 430 1497 ea
446 1441 614 1520 scripsisse,
630 1447 655 1507 si
670 1450 789 1530 scripsit
803 1473 955 1537 umquam,
968 1463 1066 1542 jubet,
1083 1475 1160 1548 quod
1176 1475 1321 1542 incertum
1337 1496 1383 1546 est
1396 1491 1483 1564 (conl.

269 1514 415 1580 Vollbehr.
425 1522 504 1604 l.l.p.
518 1525 583 1604 26.;
598 1531 837 1601 Muetzelliumde
849 1547 1053 1610 emendatione
1066 1552 1254 1635 Theogoniae
1265 1583 1294 1642 p.
1305 1567 1367 1632 372
1379 1576 1484 1654 seqq.).

269 1597 305 1658 lt
320 1601 500 1682 dequonam
514 1610 579 1673 loco
594 1613 631 1679 ιὸ
644 1619 715 1698 τῇδ’
734 1621 771 1701 (v.
787 1622 873 1699 635.)
889 1627 1113 1710 intelligendum
1128 1640 1188 1704 sit?
1217 1646 1338 1712 Proclus
1353 1654 1384 1714 in
1400 1675 1485 1720 versu

269 1679 341 1744 621.
357 1688 448 1766 (apud
464 1693 608 1759 Gaisford.
625 1700 657 1761 T.
673 1704 722 1784 ll.)
738 1711 896 1785 Boeotiam,
912 1713 1044 1780 inversu
1060 1721 1131 1786 633.
1149 1747 1215 1790 cum
1230 1733 1348 1812 Ephoro
1362 1744 1485 1804 Ascrom

267 1765 487 1849 intelligendam
507 1799 573 1844 esse
594 1794 685 1864 putat.
730 1790 850 1856 Taetzes
870 1796 899 1857 in
922 1800 987 1862 Vita
1003 1803 1032 1883 (l.
1048 1806 1067 1866 l.
1082 1827 1111 1886 p.
1129 1811 1191 1890 14.)
1206 1823 1289 1892 opud
1299 1825 1435 1896 Asnam,
1451 1828 1483 1889 in

268 1869 353 1915 versu
363 1856 434 1922 633.
459 1865 569 1927 Αιονπο
579 1877 692 1946 patrem
704 1873 824 1937 Hesiodi
836 1881 1015 1948 domicilium
1029 1892 1143 1968 cepisse
1155 1907 1263 1957 censet.
1288 1901 1482 1984 Goettlingius

265 1934 406 2002 inversu
430 1943 502 2008 635.
535 1955 697 2031 Boeotiam,
720 1958 751 2019 in
774 1965 955 2039 praefatione
981 1973 1025 2052 (p.
1047 1975 1119 2055 Vll.)
1139 1980 1261 2040 Aecrom
1279 1985 1348 2045 vult.
1382 1987 1478 2051 Etiam

264 2019 432 2104 Lennepius
447 2031 569 2096 Ascraeo
589 2048 689 2100 monet
711 2041 753 2122 (in
769 2064 843 2109 com.
859 2070 902 2112 vv.
919 2052 947 2114 9.
964 2057 1014 2120 10.
1058 2059 1240 2125 Contollam
1261 2065 1331 2129 ibid.
1348 2090 1390 2131 vv.
1405 2071 1476 2136 633.

263 2107 366 2206 quq.)⁴
410 2112 496 2176 Loci:
519 2119 546 2184 οἳ
558 2119 637 2204 τήνδε
652 2127 727 2210 δίκην
742 2127 869 2199 §aalma
882 2138 1013 2206 δοάσσαι
1031 2145 1068 2222 (v.
1083 2143 1158 2220 33).
1175 2157 1216 2209 et:
1235 2143 1389 2234 ὦβασιλεῖς
1401 2155 1477 2236 ὑμεῖς

261 2192 292 2250 da
309 2197 532 2278 καταφράζεσθε
550 2204 598 2270 καὶ
620 2208 699 2276 αὐτοὶ
721 2213 810 2298 Τήνὸε
829 2221 904 2303 δίκην
924 2223 980 2304 (vv.
994 2225 1066 2292 248.
1083 2235 1175 2313 seqq.)
1198 2235 1332 2296 acerbam
1347 2239 1475 2301 reddunt

261 2273 402 2340 adversus
415 2300 500 2362 reges
515 2287 649 2356 ironiam.

348 2363 454 2428 Versus
468 2369 519 2434 40.
533 2373 597 2436 41.:

481 2489 584 2569 νήπιοι,
598 2493 661 2556 οὐδὲ
675 2494 779 2570 ἴσασιν,
795 2497 853 2579 ὅσῳ
866 2507 950 2566 πλέον
962 2501 1044 2586 ήμιον
1057 2510 1178 2585 noerio,

480 2571 537 2636 οὐδ’
553 2569 621 2639 ὅσον
635 2580 664 2642 ἐν
677 2580 791 2664 μαλάχῃ
805 2608 836 2647 ιε
849 2582 897 2648 καὶ
912 2586 1058 2670 οἱσφοὸῖλῳ
1071 2593 1132 2676 pe'p’
1150 2593 1251 2682 όνειαρ,

256 2701 478 2775 proverbialiter
489 2707 636 2785 dicuntur,
652 2722 681 2774 et
693 2734 751 2776 non
764 2719 860 2782 solum
872 2721 948 2784 vitae
959 2723 1175 2805 simplicitatem
1189 2732 1302 2808 abesse,
1318 2739 1369 2797 sed
1385 2741 1471 2804 etiam

257 2793 357 2846 contra
372 2789 452 2867 leges
468 2792 564 2854 vivere
576 2796 758 2877 significant3
781 2803 880 2886 itaque
894 2807 982 2870 vitam
1002 2811 1216 2876 fraudulentam
1233 2837 1268 2880 ac
1283 2839 1381 2904 mores
1396 2825 1473 2887 illius

255 2873 395 2948 temporis
410 2875 583 2956 depravatos
598 2886 833 2966 reprehendunt,
850 2900 883 2953 ut
898 2894 984 2956 etiam
1002 2915 1038 2958 ex
1052 2899 1185 2961 versibus
1201 2901 1389 2968 ato—272:

511 3019 558 3081 νῦν
573 3017 606 3101 δή
621 3021 674 3104 e’yai
688 3023 753 3107 μήτ’
771 3025 856 3100 αὐτὸς
870 3030 1092 3114 ἐν’ἀνθρώποιοι
1106 3035 1212 3106 δίκαιον

510 3097 574 3183 εἴην,
587 3104 652 3188 μήτ’
669 3107 733 3189 ἐμὸς
746 3111 812 3184 οἰός·
827 3111 885 3176 ἐπεὶ
899 3113 986 3178 κακὸν
1001 3115 1091 3197 ἄνδρα
1106 3118 1211 3182 δίκαιον

507 3185 631 3266 ἔμμεναι,
645 3190 672 3252 εἰ
681 3193 766 3271 μείζω
777 3220 810 3274 Ιγε
823 3196 899 3277 δίκην
913 3197 1079 3280 ἀδικώτερος
1093 3197 1160 3276 ἕξει,

250 3309 337 3386 plane
353 3314 525 3378 declaratur.
569 3321 651 3394 Quae
665 3322 808 3387 Lehrsius
824 3328 883 3408 (l.l.
891 3346 921 3408 p.
932 3328 1017 3411 224.)
1032 3335 1165 3412 protulit:
1187 3338 1300 3421 νήπιοι
1314 3365 1372 3406 ooo
1387 3370 1468 3430 repes
1513 3347 1515 3353 ’

250 3407 332 3468 sont5
354 3402 459 3478 quippe
477 3405 602 3482 ineptum
616 3418 658 3468 est
671 3429 690 3467 α
704 3413 817 3489 repetes
832 3421 996 3490 postolare,
1019 3429 1051 3477 ot
1064 3423 1098 3479 de
1112 3425 1210 3484 moloc
1225 3437 1251 3484 et
1265 3429 1300 3486 de
1314 3435 1467 3508 asphodelo

249 3480 360 3554 oiooot,
383 3486 573 3563 sagacissime
589 3510 605 3552 a
621 3490 796 3574 Goettlingio
813 3495 862 3576 (ad
877 3499 906 3559 h.
923 3499 963 3578 v.)
978 3501 1092 3581 objecta
1107 3515 1191 3567 sunt:
1214 3521 1246 3569 ot
1256 3513 1297 3572 sic
1310 3516 1462 3596 intellipos,

248 3567 413 3642 illijodices
423 3576 503 3632 stulti
512 3587 603 3650 erant,
619 3582 855 3655 quampotabaot
865 3585 916 3644 tibi
926 3586 1002 3658 deoc,
1017 3591 1086 3649 midi
1098 3596 1173 3652 mole
1187 3597 1284 3673 iniquo
1295 3621 1346 3659 eoo
1353 3605 1463 3696 judicio

248 3657 393 3713 consolare
415 3663 480 3716 cett.
514 3657 605 3720 Recte
625 3661 744 3739 quidem
766 3664 935 3745 Lennepius
958 3673 997 3745 (v.
1019 3671 1069 3734 40.
1089 3673 1121 3734 in
1141 3679 1227 3758 com.)
1248 3681 1459 3744 animadvortit:

241 3749 399 3812 praestant
417 3744 528 3802 modico
547 3746 715 3820 immodicis,
731 3752 816 3822 josto
829 3754 952 3826 injustis.
995 3759 1139 3837 Ipooroot
1156 3765 1208 3822 λοι
1222 3769 1302 3826 stulti
1315 3771 1362 3828 isti
1374 3785 1457 3842 repes,

247 3841 337 3899 oeque
355 3825 518 3904 intellipaot
534 3849 572 3901 sc,
587 3833 653 3890 dom
668 3833 752 3892 donis
765 3836 907 3897 initiantes
920 3841 1009 3918 iisqne
1024 3847 1153 3922 correpti
1162 3851 1215 3922 jos
1224 3860 1402 3927 pervertant,
1417 3849 1459 3907 ita
1541 3886 1544 3891 -

245 3907 327 3965 Joois
341 3909 417 3968 iram
431 3914 634 3988 adperoiciem
647 3937 731 3977 soom
748 3920 802 3980 sibi
816 3925 993 3986 contradere.
1037 3927 1108 3988 Cum
1125 3931 1232 4010 quibus
1249 3935 1379 3995 conferas
1394 3951 1459 3993 ver-

245 4007 296 4050 sus
311 3989 504 4056 238-247:

460 4131 501 4206 οἷς
515 4132 543 4198 δ’
559 4131 634 4218 idom
648 4163 678 4201 ae
691 4139 790 4221 μέμηλα
802 4140 875 4225 κακή
889 4140 936 4207 καὶ
950 4145 1062 4228 σχέτλια
1076 4149 1155 4234 ἔργα,

458 4227 516 4290 τοῖς
526 4215 557 4281 di
569 4221 645 4304 δίκην
658 4225 796 4306 Κρονιλής
811 4228 985 4310 torporiosam
998 4232 1119 4316 εὐρόοπα
1132 4237 1211 4340 Zeis·
1232 4289 1233 4294 κ

459 4302 577 4368 πολλάκι
590 4302 638 4370 καὶ
651 4306 785 4388 ξύμπασα
798 4309 878 4386 πόλις
891 4319 979 4380 κακοῦ
994 4317 1095 4402 ἀνδρὸς
1108 4320 1234 4400 ἀπηορα,

456 4382 530 4460 ὅςας
544 4387 687 4474 α’λιιραίνρ
700 4389 748 4456 καὶ
763 4393 915 4478 tempato
928 4402 1117 4483 μηχανάαται·
1161 4488 1169 4509 Ι

456 4481 542 4538 roien
556 4474 583 4536 δ’
601 4475 756 4558 οὐρανόθεν
770 4479 831 4562 μέγ’
848 4479 967 4567 ἐπήγαγε
981 4489 1061 4566 πήρα
1075 4493 1212 4568 Κρονιων,
