3326 5308
364 595 472 656 Versus
487 592 537 656 25.
553 591 610 656 26:

523 709 571 776 καί
585 711 717 795 κεραμεὺς
731 722 846 795 κεραμεῖ
855 714 941 777 κοτέει
955 710 1003 776 καὶ
1016 714 1122 779 τέκτονι
1136 717 1252 792 τάιτων,

523 793 571 862 καὶ
585 796 698 882 πτωχὸς
709 801 814 880 πτωχῷ
829 799 946 882 φθονέει
959 795 1007 862 καὶ
1023 797 1118 872 ἀοιδὸς
1132 799 1234 880 ἀοιδῷ,

280 932 381 993 multis
401 931 616 1012 interpolatoris
632 951 699 995 esse
717 932 868 1005 videntur,
888 933 956 1013 quia
976 934 1083 998 κοτέει
1102 942 1131 994 et
1152 936 1297 1017 φθονέει
1315 936 1350 996 δε
1371 936 1499 999 Conten-

280 1016 360 1077 tione
381 1016 458 1078 bona
479 1015 536 1078 dici
560 1035 619 1080 non
638 1017 788 1097 potuerint
811 1017 900 1097 (conl.
921 1017 1120 1080 'lwestenium
1144 1019 1173 1079 in
1194 1020 1440 1081 commentatione
1461 1024 1499 1084 de

280 1102 411 1162 carmine
427 1102 557 1176 Hesiodi,
574 1103 652 1182 quod
667 1101 838 1163 inscribitur
853 1101 949 1181 Opera
965 1109 994 1163 et
1008 1103 1077 1164 Dies
1091 1123 1120 1182 p.
1138 1103 1201 1176 14.;
1216 1104 1372 1170 Lebrsiuro
1389 1105 1424 1166 de
1440 1106 1500 1166 lle-

280 1184 356 1246 siodi
371 1186 517 1266 Operibus
536 1196 565 1248 ot
583 1187 694 1248 Diebus
714 1187 744 1247 in
764 1186 995 1260 Quaestionibus
1016 1187 1114 1266 Epicis
1133 1205 1160 1267 p.
1177 1183 1268 1261 222.;
1291 1189 1342 1267 qui
1363 1190 1448 1249 ambo
1467 1190 1498 1250 iu

280 1269 327 1332 his
354 1270 534 1350 explicandis
560 1272 694 1333 versibus
722 1268 910 1332 scholiastam
933 1273 1119 1352 Anonymum
1146 1272 1240 1334 secuti
1262 1289 1327 1332 esse
1349 1273 1498 1335 videntur:

279 1357 466 1438 προτράτεται
483 1355 554 1440 πρὸς
572 1358 706 1442 γεωργίαν
720 1354 767 1418 διά
786 1359 877 1419 τοῦτο·
897 1355 925 1419 ἐν
945 1356 999 1439 γάρ
1017 1367 1081 1428 ταῖς
1099 1358 1189 1438 ῥιζαις
1200 1355 1381 1440 ἀφίσταταιίγ
1396 1355 1498 1462 ἀγαθη

280 1439 343 1520 ἔρις,
358 1437 417 1522 οὐχὶ
432 1437 462 1503 δέ
476 1439 504 1504 έν
514 1451 578 1514 ταῖς
592 1441 718 1513 ἀδικίαις·
733 1437 803 1522 ἢὸτι
815 1439 844 1503 ἐκ
854 1445 904 1506 τοῦ
919 1440 1046 1522 ἀφανοῦς
1062 1438 1110 1503 καὶ
1122 1441 1225 1523 ἀδήλων
1239 1442 1447 1524 παρνφίοταται
1457 1467 1495 1504 τα

280 1521 356 1587 κακά
375 1519 422 1588 καί
444 1523 482 1590 τά
504 1521 616 1609 ἀγαθά.
664 1527 772 1589 Τοῦτο
795 1523 831 1608 δὴ
854 1529 982 1606 μᾶλλον
1004 1523 1186 1606 ε’πανάγειν
1207 1526 1255 1596 είς
1276 1524 1318 1588 τά
1340 1525 1497 1608 εἰρημένα

280 1603 356 1712 περὶ
370 1613 428 1691 τῆς
439 1609 591 1691 χείρονος
605 1608 720 1690 ἔριδος·
742 1605 799 1673 καὶ
814 1608 876 1694 γάρ
890 1609 927 1675 τὸ
942 1608 1069 1673 κοτέειν
1084 1605 1140 1672 καὶ
1154 1619 1299 1690 φθονεῖν
1313 1609 1404 1672 κακά
1419 1611 1500 1683 ἐστι,

281 1717 337 1756 και
352 1692 480 1776 ἐκείνης
493 1694 616 1770 οἰκεῖα,
632 1690 689 1757 καὶ
703 1692 740 1758 οὗ
754 1699 812 1778 τῆς
827 1689 1028 1778 ἀμείνονος).
1051 1693 1244 1774 Goelllingius
1256 1711 1307 1754 eos
1323 1709 1500 1772 quamqualn

281 1776 318 1836 ab
334 1777 453 1857 antiquo
467 1787 552 1857 poeta
567 1778 721 1859 proiectos,
737 1788 836 1839 tamen
851 1785 918 1854 post
933 1779 1064 1857 adjectos
1080 1797 1145 1838 esse
1161 1786 1271 1849 censet,
1289 1786 1419 1838 ceterum
1432 1794 1502 1838 con-

281 1860 369 1922 tineri
391 1862 437 1923 bis
455 1863 642 1942 proverbium
659 1883 727 1924 cum
746 1861 866 1940 reliquis
887 1878 945 1918 tion
966 1861 1215 1938 conjungendum.
1254 1861 1355 1936 lmmo
1369 1879 1452 1931 vero,
1476 1861 1501 1920 si

283 1947 372 2006 modo
387 1947 589 2008 Hermannum
606 1947 708 2008 audias
725 1946 768 2025 (in
783 1945 908 2024 Opuscc.
924 1944 971 2002 Vl.
991 1961 1019 2022 p.
1037 1942 1139 2021 221.);
1163 1941 1279 2026 ἀγαθὴ
1299 1943 1325 2004 δ’
1341 1939 1431 2024 Ἐρις
1446 1939 1501 2025 ἥδε

281 2036 454 2112 βροτοῖσιν
465 2042 497 2092 ut
506 2036 537 2093 in
543 2035 712 2112 parenthesi
719 2033 795 2092 dicta
807 2029 996 2106 nampianlnr,
1013 2027 1123 2106 optime
1133 2027 1290 2088 cohaerent
1302 2034 1331 2086 el
1341 2026 1377 2086 ad
1390 2027 1499 2087 bonam

282 2113 504 2177 Contentionem
520 2117 650 2177 trabunt.
686 2116 825 2195 Sequitur
839 2113 968 2173 Platonis
983 2111 1183 2172 testimonium
1203 2111 1245 2190 (in
1261 2109 1368 2188 Lyside
1383 2129 1411 2190 p.
1427 2110 1499 2173 215.

282 2198 337 2277 (L),
358 2198 408 2278 qui
423 2201 502 2261 bunc
516 2201 613 2262 locum
629 2203 699 2261 item
715 2201 750 2261 ad
766 2201 874 2260 bonam
891 2197 1115 2258 Contentionem
1130 2195 1318 2256 referendum
1334 2213 1400 2254 esse
1416 2195 1501 2254 intel·

281 2283 363 2345 lenit:
393 2282 443 2368 ἤδη
463 2282 532 2350 ποτὲ
552 2291 602 2351 τοῦ
619 2281 726 2369 ἥκουσα
746 2284 885 2367 λέγοντος,
908 2278 957 2348 κοά
976 2280 1039 2366 ἀρτι
1061 2281 1314 2364 ἀναγαμνὴσκομαι,
1337 2276 1380 2343 ὅτι
1397 2277 1431 2342 τὸ
1450 2275 1499 2359 μὲν

281 2365 375 2450 ὅμοιον
393 2374 433 2449 τῷ
453 2369 539 2453 ὁμοίῳ
558 2368 606 2434 καὶ
625 2373 651 2436 οἱ
665 2367 774 2453 ἀγαθοὶ
788 2379 847 2441 τοῖς
867 2369 993 2450 ἀγαθοῖς
1011 2367 1213 2448 πολεμιώτατοι
1226 2365 1286 2428 εἶεν.
1330 2360 1393 2428 Καὶ
1406 2361 1438 2446 dr}
1453 2358 1500 2425 καὶ

281 2451 330 2518 τὸν
342 2452 475 2519 Ἡσίοδον
490 2455 603 2537 ἐπήγετο
617 2455 759 2537 μάρτνρα,
774 2456 873 2536 λέγων,
889 2450 928 2522 ὠς
944 2449 1002 2532 ἀρα

535 2569 584 2636 καὶ
597 2570 729 2654 κεραμεὺς
743 2579 857 2654 κεραμεῖ
868 2569 955 2644 κοτέειΙ
968 2564 1015 2631 καὶ
1030 2565 1125 2639 ἀοιδὸς
1140 2567 1240 2644 ἀοιδῷ,

578 2653 586 2676 ἱ

458 2729 460 2734 ,
539 2683 587 2721 και
601 2656 713 2740 πτωχὸς
727 2657 839 2738 πτωχῷ.

283 2793 437 2854 Praeterea
452 2792 551 2872 ipsum
565 2792 663 2853 locum
679 2792 722 2853 sic
737 2789 904 2867 intelligunt
918 2797 980 2850 tum
993 2787 1170 2856 Plutarchus
1187 2785 1229 2865 (in
1245 2784 1334 2845 Conr.
1348 2784 1466 2856 Quaest.
1478 2782 1501 2843 l.

283 2877 321 2938 ll:
331 2876 360 2938 6.
370 2898 398 2957 p.
411 2878 482 2942 618.
493 2879 540 2950 F.;
564 2877 601 2936 de
616 2877 724 2956 Tranq.
737 2875 827 2936 animi
844 2875 877 2935 T.
890 2875 926 2934 ll.
938 2893 966 2953 p.
978 2871 1050 2935 473,
1063 2872 1120 2950 A.)‚
1136 2879 1198 2931 tum
1210 2869 1263 2929 Dio
1277 2869 1502 2946 Chrysostomus

284 2961 376 3038 (Orat.
386 2963 523 3023 LXXVll.
536 2962 613 3041 apud
625 2961 755 3040 Lennep.
767 2960 798 3022 in
811 2977 886 3019 conr.
900 2959 976 3018 adh.
988 2954 1038 3036 ω).
1069 2957 1203 3018 Ceterum
1221 2969 1296 3030 quae
1312 2953 1390 3028 apud
1405 2951 1503 3050 ipsum

282 3045 473 3107 Plutarchum
490 3046 520 3124 (l.
536 3047 554 3106 l.
570 3065 598 3126 p.
610 3044 660 3109 92.
677 3045 723 3124 Α.)
741 3051 851 3107 entant:
868 3042 900 3107 οίι
914 3041 967 3124 γάρ
982 3049 1098 3122 κεραμεῖ
1109 3045 1153 3100 δεῖ
1162 3037 1284 3118 κεραμέα
1298 3043 1424 3135 adoreis,
1440 3033 1502 3137 οὐδε

284 3129 379 3194 ἀοιδὸν
394 3131 489 3212 ἀοιδῷ,
504 3132 573 3196 καθ)
588 3129 733 3202 Ἡσίοδον,
749 3125 812 3192 οὐδὲ
825 3129 934 3208 γείτονα
951 3128 1057 3204 ζηλοῦν,
1078 3117 1141 3184 οὐδὲ
1155 3117 1288 3212 ἀνεψιὸν,
1305 3121 1367 3180 ouda
1382 3121 1502 3212 αδελφον

283 3215 322 3286 εἰς
345 3213 450 3297 ἀφενος
473 3215 630 3279 σπεύδοντα
652 3208 700 3275 καὶ
720 3210 893 3294 τογχάνοντα
913 3210 1040 3288 χρηστῶν
1065 3203 1250 3286 πραγμάτων,
1270 3220 1304 3298 ln
1327 3209 1503 3262 sententiam

284 3297 392 3359 dictam
408 3299 563 3360 offendunt
576 3297 702 3376 ideoque
717 3295 753 3356 ad
770 3292 877 3354 malam
890 3289 1112 3352 contentionem
1125 3289 1240 3348 trahere
1251 3286 1394 3346 videntur.
1421 3285 1504 3346 Unde

285 3383 372 3460 plane
387 3392 467 3462 patet
481 3401 567 3444 voces
584 3383 680 3462 ζηλοῖ
699 3379 737 3459 (v.
752 3377 826 3456 23.),
848 3378 957 3441 κοτέει
977 3375 1014 3455 (v.
1026 3373 1089 3452 25.)
1107 3381 1135 3434 et
1149 3372 1295 3455 φθονέει
1314 3371 1351 3449 (v.
1364 3369 1427 3448 26.)
1445 3389 1506 3430 me-

286 3467 349 3527 dias
366 3487 439 3528 esse.
482 3467 517 3529 ld
534 3467 661 3527 allirmat
674 3473 737 3526 tum
753 3462 873 3524 verbum
890 3463 987 3544 ζηλοῖ
998 3460 1036 3540 (v.
1050 3457 1131 3537 23.),
1148 3457 1225 3538 φοοδ
1241 3457 1290 3517 hic
1304 3455 1412 3515 bonam
1430 3455 1506 3518 Cou-

286 3551 445 3614 tentinnem
472 3550 607 3631 respicit,
630 3558 692 3613 tum
714 3547 889 3611 vocabulum
914 3549 1010 3629 ζῆλος
1032 3543 1070 3624 (v.
1093 3541 1191 3620 194),
1217 3540 1266 3620 qui
1288 3539 1502 3637 κακόχαρτος

286 3637 448 3718 appellatur
470 3638 627 3715 locumque
650 3634 744 3696 malae
768 3631 970 3696 Contentionis
989 3637 1127 3708 occupat,
1150 3636 1214 3688 tum
1234 3626 1331 3706 glossa
1356 3627 1503 3715 Vaticana:

285 3722 495 3807 κατάχρησις
513 3722 560 3792 εἰς
574 3720 611 3786 τὸ
630 3722 738 3784 κοτέει
757 3715 814 3782 καὶ
828 3716 974 3804 φθονέει
989 3714 1080 3793 (apud
1096 3714 1225 3791 Lennep.
1241 3712 1260 3771 l.
1277 3710 1324 3789 a).
1369 3711 1440 3807 Cum
1457 3707 1503 3764 hls

287 3809 421 3886 congruit
443 3816 472 3869 et
490 3807 617 3886 Vellejus
639 3805 673 3884 (l.
695 3825 719 3865 c.
740 3803 814 3880 ln),
839 3801 889 3885 qui
910 3799 962 3862 ait:
985 3805 1064 3860 alara
1087 3801 1305 3858 aemulationem
1329 3800 1455 3874 ῖιιφιιιιιι,
1479 3800 1506 3846 et

286 3916 362 3954 nune
376 3896 500 3968 invidia,
519 3915 596 3953 nnnc
610 3893 801 3952 admiratione
816 3889 998 3948 imitationem
1014 3886 1141 3944 accendi.
1185 3882 1228 3942 Ex
1243 3881 1289 3942 his
1305 3881 1404 3958 igitur,
1428 3892 1503 3974 quae

287 3977 363 4038 dicta
379 3986 464 4052 sunt,'
479 3987 507 4039 et
521 3997 556 4038 ex
571 3996 619 4050 eo,
636 3975 714 4055 quod
729 3974 777 4034 hio
793 3977 945 4032 contextus
961 3978 1045 4030 tenor
1060 3968 1200 4047 postulat,
1225 3984 1327 4058 versus
1344 3959 1394 4057 2ξ).
1411 3968 1439 4019 et
1454 3957 1503 4020 2b.

288 4063 324 4124 ad
339 4064 447 4124 bonam
463 4062 580 4124 Eridem
595 4059 742 4140 pertinere
756 4057 888 4118 lucescit.
927 4055 987 4115 Nec
1003 4073 1062 4114 non
1077 4052 1209 4114 Ranlrius
1224 4050 1299 4111 male
1311 4046 1425 4126 judicat
1441 4044 1470 4123 (l.
1487 4042 1504 4100 l.

288 4147 402 4228 p.4l').):
425 4170 523 4208 aarum
541 4149 567 4207 ai
587 4168 625 4206 ιω
638 4148 692 4206 tali
712 4146 822 4206 invidia
841 4153 870 4204 et.
885 4143 1086 4202 obtrectatione
1104 4142 1203 4200 nullae
1223 4137 1307 4196 rixae
1326 4133 1503 4196 emoriantur,

287 4239 338 4294 aaa
351 4236 462 4294 labores
473 4236 570 4312 polius
583 4241 732 4310 ααρικῖατ,
748 4251 806 4290 non
821 4238 863 4288 est
877 4231 911 4288 de
924 4230 1006 4286 mala
1023 4225 1207 4286 Contentione
1219 4219 1411 4313 conitendum.
1448 4213 1504 4272 Bo-

288 4337 357 4380 nam
367 4318 590 4382 Gontenlionem
604 4314 771 4393 intelligunt
782 4312 869 4374 etiam
880 4309 1049 4389 Lennepius
1066 4310 1097 4387 (l.
1107 4325 1147 4369 c.:
1163 4304 1274 4366 scilicet
1287 4301 1364 4362 bona
1380 4306 1425 4360 est
1439 4297 1504 4358 bris

288 4412 433 4484 quatenus
463 4402 619 4466 bominum
642 4398 831 4464 industriam
859 4395 976 4474 excitat)
1006 4390 1250 4468 Vollbebriusque
1280 4386 1312 4466 (l.
1334 4387 1354 4445 l.
1377 4403 1404 4460 p.
1428 4379 1502 4456 24).

288 4489 398 4550 Versus
413 4487 463 4552 25.
480 4485 640 4567 respiciunt
656 4484 826 4546 Aristoteles
842 4483 886 4562 (iu
901 4482 986 4544 Rhet.
1001 4480 1038 4540 ll.
1053 4481 1083 4542 4.
1099 4483 1128 4538 et
1144 4474 1193 4542 12.
1222 4473 1284 4536 Pol.
1297 4472 1327 4530 V.
1342 4466 1390 4530 10.
1421 4465 1501 4528 Conl.
