3326 5308
760 434 802 498 39

171 677 282 726 nexum
298 679 364 722 cum
379 657 416 720 iis
432 665 513 720 arcte
529 664 683 730 memorat,
700 675 775 735 quae
791 656 875 717 dere
891 653 1000 716 rustica
1016 662 1086 714 suut
1098 653 1177 714 dieta
1194 652 1282 731 (conl.
1294 653 1389 714 Rauk.

171 751 190 810 l.
206 750 225 808 l.
241 767 270 828 p.
285 745 356 823 et).
394 740 561 821 Goettlingii
578 742 789 822 conjecturam,
806 743 885 802 huuc
901 757 1019 800 versum
1036 739 1072 800 ab
1088 757 1123 798 eo
1137 746 1224 815 pecta
1241 737 1388 818 adjectum

174 851 239 894 esse
254 830 358 901 videri,
384 828 433 908 qui
455 827 610 890 transitum
631 827 790 906 parabata
811 826 940 886 carmine
965 825 1002 886 de
1022 823 1198 904 agricultura
1221 823 1257 884 ed
1280 841 1386 884 novum

174 936 291 980 carmen
316 915 354 975 de
376 913 573 991 navigatione,
600 911 671 972 satis
697 911 834 972 refutavit
858 909 1046 972 Hermauuus
1073 909 1116 986 (iu
1140 909 1263 986 Opuscc.
1287 907 1318 968 T.
1343 907 1387 969 Vl.

173 1023 201 1082 p.
217 999 312 1074 amu.
346 997 514 1076 liennepius
531 1016 648 1076 quoque
663 997 739 1058 benc
755 995 892 1056 observat
907 995 950 1072 (in
963 1013 1036 1056 cum.
1053 993 1089 1053 ad
1102 993 1130 1053 h.
1142 992 1194 1070 ul:
1210 1003 1268 1052 tum
1281 1003 1388 1054 remoto
1457 1063 1460 1072 ⁴

171 1109 254 1148 uersu
268 1087 355 1162 623„
371 1085 552 1158 effusionem
559 1085 681 1158 fecium
694 1083 779 1142 nimis
789 1083 959 1158 propinqua
973 1082 1027 1139 sibi
1040 1081 1159 1139 inuicem
1173 1099 1200 1138 ν.
1214 1081 1284 1137 622.
1298 1081 1388 1160 νῆας,

169 1195 196 1234 ν.
214 1175 283 1232 624.
299 1172 370 1232 νἀ.
803 1179 811 1198 ⁰
933 1163 936 1174 ’
990 1159 994 1166 ’
1067 1167 1070 1172 ’
1359 1165 1361 1177 ’

254 1195 362 1316 Verius
378 1249 557 1313 aaa-642.
575 1250 766 1330 Goettlingio‚
783 1247 984 1310 Twesteuium
1002 1249 1033 1326 (l.
1048 1249 1067 1310 Ι.
1083 1268 1110 1328 p.
1127 1245 1199 1326 bl),
1217 1255 1248 1308 ut
1263 1246 1387 1320 videtur,

171 1339 320 1420 sequenti,
343 1337 449 1411 adjecti
470 1337 561 1394 serius
584 1357 643 1396 esse
665 1339 810 1408 rideretur,
834 1337 884 1413 qui
904 1356 962 1394 nou
984 1335 1157 1406 Cumanum,
1179 1337 1231 1392 sed
1249 1335 1388 1393 Boeotum

160 1429 257 1501 fuisse
273 1424 430 1486 Hesiodum
450 1439 488 1480 ex
506 1423 575 1498 ipsis
597 1425 657 1496 ejus
675 1423 801 1482 uersibus
822 1423 1019 1480 demonstrare
1039 1428 1064 1477 et
1084 1421 1126 1478 ita
1145 1419 1257 1496 quidem
1272 1421 1386 1478 demou

168 1522 263 1570 strare
277 1509 396 1576 velleret,
410 1515 441 1564 ut
455 1506 588 1578 ducrum,
605 1508 635 1566 iu
651 1527 709 1584 qua
723 1517 810 1566 uetus
816 1509 939 1579 fuisset,
959 1506 1106 1582 reliquisse
1122 1515 1148 1562 et
1162 1505 1221 1563 ulio
1235 1505 1387 1576 secessisse,

173 1594 378 1654 Orchomenum
392 1593 453 1650 siue
467 1593 564 1662 detio,
579 1593 733 1650 uideretur.
771 1594 808 1650 At
826 1593 897 1650 mire
917 1592 977 1666 ipse
995 1590 1184 1668 Goettliupius
1203 1609 1261 1648 uon
1281 1607 1388 1648 memor

160 1680 350 1752 judeorum,
373 1695 447 1752 puae
468 1678 502 1733 de
521 1677 581 1734 vitu
596 1677 716 1735 Hesiodi
738 1673 782 1754 (iu
792 1679 893 1751 praef.
903 1697 937 1752 p.
954 1674 1035 1744 VII.)
1051 1675 1196 1751 exposuit:
1210 1682 1276 1732 suut
1290 1693 1328 1732 em
1342 1694 1387 1732 re-

169 1763 339 1842 centioribus
354 1761 403 1838 qui
420 1757 575 1822 Oumueum
590 1762 688 1820 dicunt
707 1757 751 1838 (iu
766 1762 866 1838 quidus
881 1764 907 1820 I.
924 1763 964 1820 Η.
988 1761 1115 1821 Vossium
1134 1779 1193 1818 esse
1211 1760 1338 1830 mireris,
1359 1780 1385 1818 ο.

168 1849 233 1906 Alte
246 1847 452 1921 Weltlruudep.
464 1847 532 1904 XX.
549 1854 576 1903 et
587 1846 746 1910 Scioelium
761 1847 837 1906 Hist.
851 1847 890 1906 lit.
907 1846 1012 1906 Graec.
1033 1848 1063 1904 Τ.
1076 1849 1101 1904 I.
1112 1865 1146 1922 p.
1158 1846 1226 1903 130.
1243 1847 1285 1901 ed.
1297 1842 1386 1922 ποια),

167 1951 341 2010 quamquam
357 1932 386 1990 lei
400 1951 437 1988 eac
451 1931 521 2008 ipsis
533 1931 655 1990 Hesiodi
663 1933 805 2008 poematis
820 1933 927 1990 discere
937 1940 1078 2007 poteraut
1088 1932 1199 1990 Ascrae
1214 1930 1244 1988 iu
1257 1929 1386 2000 Boeotia,

166 2019 272 2094 oppido
295 2017 491 2094 quodrapiuta
513 2018 609 2074 studia
632 2038 652 2076 α
678 2019 804 2092 Thespiis
827 2019 879 2074 sito
900 2013 1046 2092 (Eustatlt.
1066 2019 1106 2074 Il.
1125 2036 1158 2091 p.
1175 2012 1277 2093 266.)‚
1302 2013 1386 2092 cujus

166 2102 267 2160 nullae
289 2116 369 2160 nunc
390 2098 532 2178 reliquiae
551 2107 712 2176 supersunt
736 2099 858 2175 (Coraes
874 2099 953 2178 apud
969 2099 1065 2160 Strah.
1083 2099 1115 2160 T.
1131 2100 1176 2160 lv,
1200 2117 1227 2177 p.
1246 2095 1306 2160 188
1323 2117 1384 2177 seq.

168 2185 268 2247 ruinas
284 2185 392 2246 Ascrae
413 2184 511 2244 adhuc
531 2183 656 2242 existere
677 2184 804 2242 affirmat
825 2183 855 2242 in
875 2183 997 2260 oppidu,
1019 2182 1096 2258 quod
1113 2183 1256 2244 hodierne
1272 2183 1319 2244 die
1335 2199 1386 2262 ap-

164 2270 291 2347 pellatur
310 2265 537 2339 Neochorium),
558 2275 659 2323 uatum
678 2285 737 2324 esse
759 2275 905 2324 auctorem
928 2267 1060 2342 Operum.
1108 2271 1186 2324 Nam
1204 2265 1286 2348 Ἕργ.
1310 2289 1383 2330 cers.

169 2357 232 2409 650
245 2371 314 2427 seq„
336 2350 436 2426 quibus
456 2350 486 2407 iu
506 2350 581 2406 laec
598 2368 659 2408 rem
674 2370 742 2408 usus
762 2359 804 2408 est
822 2360 923 2410 auctor
938 2359 1054 2408 eertum.
1091 2353 1212 2411 Homeri
1225 2362 1252 2412 et
1266 2355 1387 2414 Hesiodi

166 2457 195 2496 u.
213 2437 278 2494 edit.
290 2455 322 2512 p.
340 2435 419 2506 313,
434 2434 476 2492 ita
492 2434 609 2511 lepitur:

429 2549 462 2615 oi
476 2548 531 2634 γὰρ
545 2551 655 2616 adrosa
670 2553 716 2635 νηΐ
728 2552 750 2636 y'
768 2552 895 2617 insutos
909 2553 991 2636 εόρόα
1004 2552 1120 2629 πόντον,

428 2635 454 2698 ei
464 2635 501 2718 μὴ
517 2637 554 2708 εἰς
567 2635 690 2720 Εόβοιαν
705 2638 734 2714 ἐξ
748 2638 883 2711 Αὐλίδος.

170 2776 251 2836 Unde
266 2773 337 2832 sutis
352 2780 436 2848 putet
450 2772 607 2830 Hesiodum
626 2775 753 2832 noudum
764 2775 861 2848 fuisse
875 2785 987 2845 uotum,
1012 2795 1097 2851 quum
1112 2778 1173 2850 ejus
1186 2786 1275 2853 puter
1293 2777 1384 2840 Clima

165 2858 346 2918 deolensium
361 2855 483 2914 Aseram
500 2857 672 2916 Boeotorum
690 2859 811 2918 uertisset
829 2859 865 2934 (v.
876 2854 959 2940 Ἕργ.
982 2859 1080 2936 636),
1103 2869 1134 2918 ut
1154 2862 1193 2920 ibi
1211 2861 1383 2920 domicilium

160 2951 290 3021 perteret.
327 2941 451 3000 merem
458 2941 592 3015 patrium
606 2942 728 3000 Hesiodi
735 2953 891 3018 praetcrea
913 2953 1053 3004 testamur
1065 2954 1170 3022 poetae
1189 2947 1302 3024 antiqui
1319 2955 1382 3006 tuu-

163 3039 221 3088 tum
236 3047 295 3086 nou
307 3045 402 3085 ornnes
418 3031 482 3083 cett.
507 3021 568 3083 Nos
584 3032 681 3085 autem
696 3032 763 3103 post
777 3045 916 3088 versuum
933 3027 1076 3102 ordinem,
1093 3047 1180 3108 quem
1196 3048 1284 3109 supra
1301 3029 1384 3090 dedi·

163 3130 243 3184 mus,
267 3109 413 3170 diversam
436 3109 465 3169 in
487 3108 542 3169 hac
563 3107 730 3188 indaganda
753 3129 785 3172 re
806 3111 948 3173 rationem
973 3131 1140 3192 sequemur.
1183 3116 1225 3176 Ex
1247 3115 1381 3176 versibus

162 3193 344 3260 eae-638:

365 3307 398 3386 ός
412 3333 480 3376 ποτε
495 3309 547 3376 καὶ
557 3312 620 3393 τῇδ’
637 3308 722 3398 ἦλθε,
737 3316 823 3382 πολὺν
839 3315 885 3384 διαὶ
900 3316 1003 3384 πόντον
1019 3316 1157 3394 deiocus,

364 3396 464 3504 Kipsp·
478 3399 604 3462 Aiolidu
617 3399 761 3481 προλιπών
777 3401 805 3466 ir
820 3407 867 3486 mi·
876 3401 998 3485 μελαίνῃ.

364 3481 414 3548 mis
428 3507 533 3564 umeros·
545 3483 654 3567 φεύγων
669 3482 731 3550 οὐδὲ
745 3487 865 3552 πλοῦτόν
880 3483 972 3552 τεκαὶ
987 3484 1082 3572 ὄλβον,

364 3565 438 3631 dui
453 3565 541 3650 κακὴν
555 3570 663 3650 πενίην,
679 3568 729 3653 τὴν
743 3570 814 3644 Zeis
829 3570 959 3655 ἄνδρεσσι
973 3574 1081 3647 δίδωσι,

161 3708 276 3780 patrem
292 3701 411 3762 Hesiodi
428 3702 591 3764 Cumanum
613 3703 707 3767 fuisse
725 3714 820 3787 patet,
840 3715 1018 3792 propterque
1037 3719 1241 3794 paupertatem
1257 3713 1380 3777 Ascuam

161 3786 315 3866 migrasse.
353 3786 540 3848 Orchomenii
557 3787 719 3851 Hesiodum
735 3792 896 3854 Ascraeum
913 3793 1062 3872 dicebant,
1085 3806 1117 3858 ut
1132 3817 1166 3860 ex
1180 3797 1275 3874 titulo,
1291 3819 1378 3880 quem

160 3869 543 4034 gpppsippgrgclppmeuiusl
559 3873 688 3937 Hesiodi·
703 3878 815 3939 tumulo
838 3878 1001 3961 inscripsit,
1028 3881 1115 3963 plane
1142 3893 1263 3966 apparet
1288 3887 1377 3966 (apud

403 4072 549 4150 ‘Horridum
564 4081 613 4143 ποῦ
626 4083 756 4146 alcidem
771 4081 799 4147 ir
811 4080 925 4149 ‘Eridu
938 4087 1019 4159 uideo
1033 4083 1138 4167 ὁοιῖσαι

407 4160 518 4244 ἀνδρῶν
532 4165 696 4245 κρινομένων
712 4164 740 4229 ἕν
754 4166 872 4252 βασάνῳ
886 4169 998 4252 σοφίης,

400 4243 508 4331 uano
521 4243 571 4330 pir
585 4246 687 4332 πατρὶς
702 4250 859 4336 πολολῆὶός,
875 4252 950 4318 ἀλλὰ
964 4255 1108 4330 θανόντος

405 4331 490 4398 ὀστέα
505 4333 671 4416 πληξίππων
685 4361 718 4418 γη
735 4340 852 4401 Μινυῶν
866 4337 982 4422 κατέχει

160 4463 325 4527 Pausanias
347 4463 406 4539 (IX.
423 4460 487 4543 29.)
507 4478 537 4532 et
555 4478 660 4552 poetae
674 4471 770 4533 Latini
786 4473 948 4538 Hesiodum
963 4475 1129 4542 Ascraeum
1149 4479 1223 4541 velle
1242 4477 1378 4540 videntur

160 4548 250 4620 (conl.
266 4547 302 4610 0.
317 4549 432 4627 lluller.
448 4548 480 4610 in
495 4551 631 4618 Orchom.
648 4575 677 4636 p.
694 4556 759 4632 89.;
780 4558 853 4621 Bod.
869 4560 887 4622 l.
903 4561 922 4622 l.
938 4580 967 4640 p.
982 4559 1055 4626 ml.
1073 4571 1132 4626 not.
1151 4561 1202 4643 1.).
1240 4561 1376 4643 Ephorus
