3326 5308
862 377 903 446 38

792 474 853 482 .—-
862 477 987 488 -—--—-·—·

275 581 415 666 piumque
432 586 460 660 (Ι.
473 588 525 668 c.),
542 599 571 652 et
582 595 761 675 supplenda:
776 602 846 660 haec
857 603 1038 666 observanda
1052 620 1128 669 eune.
1153 611 1247 674 immo
1260 597 1370 686 verti'si
1388 643 1486 688 versus

273 669 416 748 quosdam
437 679 625 754 transponas,
649 682 759 756 omnis,
783 686 1001 766 inopinatilm,
1024 692 1061 752 δε
1081 693 1137 755 hac
1157 714 1189 758 νε
1208 699 1319 764 tollitur
1338 707 1487 775 dubitatio.

273 755 322 816 Sic
337 755 428 835 igitur
441 758 600 838 legendum
616 774 676 826 esi:

398 913 423 953 v.
441 893 511 959 618.
534 897 560 960 εἰ
571 901 606 962 δι’
615 924 646 962 σε
660 904 798 986 ναυτιλιής
813 911 1002 994 δυσπεμφελυυ
1016 909 1107 994 ἵμερος
1122 917 1205 997 αίρεῖ,

272 1014 315 1056 vv.
332 993 509 1060 648—649.
532 999 614 1076 δείξω
630 1003 663 1085 δή
676 1029 719 1070 τοι
733 1007 820 1088 μέτρα
835 1014 1049 1096 πολνφλοισβοιο
1063 1018 1227 1102 θαλάσσης,

529 1079 592 1148 ούτε
605 1113 632 1151 τι
646 1092 785 1174 ναυτιλίης
798 1099 1007 1186 σεσοφισμένος,
1023 1099 1086 1166 ούτε
1101 1129 1128 1166 τι
1141 1108 1221 1186 νηῶν.

269 1199 312 1242 vv.
327 1179 504 1244 619-642.
527 1178 585 1250 εὖτ’
604 1184 639 1252 ἀν
655 1192 813 1274 Πληίάδες,
828 1198 932 1270 σθένος
947 1197 1058 1284 ὄβριμον
1072 1204 1204 1286 Ὠρίωνος

527 1270 689 1354 φθάνουσαι,
704 1278 842 1342 πίπτωσιν
857 1282 896 1352 εἰς
909 1283 1047 1367 ἠεροειδέα
1062 1289 1179 1365 πόντον,

531 1353 564 1438 δι)
579 1356 642 1422 τότε
656 1362 799 1425 παντοίων
816 1361 926 1444 ἀνέμων
939 1369 1058 1435 θύουσιν
1073 1373 1166 1455 ἀῆται.

527 1437 575 1506 καί
589 1443 653 1506 τότε
665 1447 759 1523 μηκέτι
773 1450 843 1527 νῆας
857 1449 926 1532 ἔχειν
941 1452 982 1517 ἐνὶ
998 1452 1088 1519 οἴνοπι
1101 1458 1210 1538 πόντῳ,

526 1529 574 1606 γῆν
589 1525 615 1588 δ’
634 1526 803 1610 ε’ργάζεσθαι
816 1538 995 1618 μεμνημένος,
1010 1533 1050 1612 ἀς
1064 1564 1095 1604 σε
1109 1543 1217 1608 κελεύω.

525 1613 579 1691 νῆα
594 1610 620 1674 δ’
639 1612 683 1676 ἐπ’
700 1614 814 1698 ἡπει-ρου
830 1619 936 1702 ἐρύσαι,
951 1624 1076 1690 πυκάσαι
1090 1652 1120 1690 τε
1133 1628 1239 1694 λίθοισι

525 1694 684 1773 πάντοθεν,
699 1697 761 1782 ὄφρ’
779 1699 879 1786 ίσχωσ’
897 1705 1006 1788 ἀνέμων
1019 1714 1101 1791 μένος
1114 1710 1196 1794 ύγρὸν
1211 1713 1331 1795 ἀέντων,

523 1782 657 1886 ηείμαρον
672 1784 814 1866 ἐξερύσας,
830 1785 876 1852 ἵνα
890 1790 928 1872 μὴ
943 1792 1023 1873 πύθη
1037 1794 1108 1866 Διὸς
1122 1794 1232 1877 ὄμβρος.

526 1871 602 1932 οπλα
617 1867 646 1930 δ’
665 1868 807 1949 ἐπάρμενα
821 1873 918 1935 πάντα
933 1880 988 1951 τεῷ
1003 1876 1151 1939 ἐνικάτθεο
1165 1876 1244 1954 οίκφ,

525 1950 664 2030 εὐκόσμως
678 1953 809 2025 στολίσας
822 1953 888 2035 νηός
902 1955 992 2040 πτερά
1007 1958 1200 2040 ποντοπόροιο.

523 2033 657 2116 πηδάλιον
672 2035 694 2098 δ’
712 2035 817 2120 εὐεργὲς
830 2036 900 2123 ὑπὲρ
914 2045 1022 2106 καπνού
1036 2043 1250 2126 κρεμάσασθαι,

525 2117 610 2191 αὐτὸς
625 2118 652 2182 δ’
670 2119 774 2202 ἀραῖον
788 2125 893 2206 μίμνειν
908 2127 1007 2200 πλόον,
1023 2127 1127 2193 εἰσόκεν
1143 2128 1221 2211 ἔλθη.

524 2201 571 2268 καὶ
585 2204 649 2270 τότε
663 2210 717 2288 νῆα
731 2206 806 2292 θοὴν
823 2205 907 2274 ἅλαδ’
926 2212 1049 2293 ἑλκέμεν,
1066 2213 1093 2296 ἐν
1109 2215 1183 2277 δότε
1197 2214 1301 2298 φόρτον

525 2288 644 2373 ἄρμενον
659 2291 845 2371 ἐντύνασθαι,
861 2291 891 2359 ἵν’
909 2291 1004 2360 οἴκαδε
1018 2297 1114 2380 κέρδος
1128 2295 1221 2380 άρηαι,

524 2371 619 2458 ὥσπερ
633 2375 698 2458 ι’μός
711 2403 742 2442 τε
755 2379 849 2463 πατὴρ
863 2377 911 2444 καὶ
924 2379 986 2460 σός,
1001 2383 1072 2464 μέγα
1086 2381 1163 2466 νήπιε
1178 2386 1288 2466 Πέρση,

523 2461 666 2534 πλωίζεσκ’
684 2461 712 2526 ἕν
727 2461 817 2544 νηυσὶ,
832 2467 893 2548 βίον
907 2468 1068 2548 κεχρημένος
1083 2467 1194 2532 ε’σθλού.

522 2541 554 2617 ός
568 2569 637 2609 ποτε
651 2543 699 2609 καὶ
713 2548 774 2628 τῇδ’
791 2542 875 2632 ίγλθε,
890 2551 977 2614 πολύν
992 2549 1039 2616 διά
1053 2551 1157 2618 πόντον
1172 2551 1308 2630 ἀνύσσας,

523 2629 622 2712 Κύμην
638 2632 763 2696 Αἰολίδα
779 2635 923 2716 προλιπών
941 2638 1031 2719 ἐννηί
1040 2639 1163 2720 μελαίνη.

522 2715 571 2782 οὐκ
587 2713 691 2800 ἄφενος
704 2717 824 2803 φεύγων,
840 2717 903 2785 miii
916 2721 1036 2788 πλοῦτόν
1052 2749 1082 2786 τε
1096 2721 1144 2788 καὶ
1158 2721 1253 2806 ὄλβον,

440 2871 445 2884 ⁸
523 2800 597 2866 ἀλλά
612 2799 699 2884 κακὴν
713 2806 821 2887 πενίην,
836 2804 886 2890 τὴν
899 2806 972 2880 Ζεύς
986 2805 1115 2889 ἄνδρεσσι
1130 2810 1233 2873 δίδωσι

522 2887 649 2950 νάσσατο
665 2887 691 2950 δ’
709 2885 774 2972 ἄγχ’
790 2888 936 2963 Ἑλικῶνος
951 2892 1043 2975 όὶζνρη
1058 2889 1097 2956 ἐνὶ
1111 2893 1201 2973 κύμη,

518 2968 640 3052 Ἇσκρη,
654 2982 735 3075 ηεῖμα
750 2979 835 3056 κακῇ,
851 2979 930 3058 θέρει
945 2977 1080 3059 ἀργαλέη,
1096 2977 1164 3040 ούδέ
1172 2974 1239 3038 ποτ’
1256 2976 1354 3056 ἐσθλῇ.

523 3054 587 3138 τύνη
603 3057 640 3132 δ’,
656 3085 679 3120 ω
695 3058 804 3140 Πέρση,
820 3059 906 3162 ἔργων
919 3063 1085 3141 μεμνημένος
1099 3059 1169 3122 εἶναι

521 3139 634 3220 ὡραίων
648 3142 777 3215 πάντων,
791 3167 854 3222 περι
869 3146 1006 3222 ναυτιλίης
1021 3139 1050 3204 δὲ
1063 3141 1194 3220 μάλιστα.

261 3263 305 3303 vv.
321 3239 499 3305 646—647.
521 3234 585 3301 Είνί
603 3236 640 3302 ἀν
655 3240 696 3301 ἐπ’
714 3240 845 3322 ε’μιτοριην
859 3243 966 3321 τρέψης
981 3241 1135 3325 ἀεσίφρονα
1148 3241 1255 3334 θυμὸρ,

519 3321 634 3404 βούληαι
647 3323 717 3404 γριία
731 3349 762 3386 τε
778 3333 928 3406 προφυγεῖν
942 3323 990 3390 καὶ
1006 3325 1130 3409 ἀτερπέα
1144 3327 1229 3408 λιμόν.

262 3444 305 3486 vv.
321 3421 500 3486 643-645.
523 3422 567 3503 νῆ’
583 3421 675 3504 ὀλίγην
690 3425 788 3497 αἰνεῖν,
803 3423 907 3508 μεγάλη
922 3425 950 3488 δ’
969 3425 1007 3491 ἐνὶ
1021 3433 1124 3512 φορτία
1138 3432 1260 3496 θέσθαι.

518 3507 616 3588 μείζων
630 3503 679 3588 μέν
693 3508 810 3590 φόρτος,
825 3513 917 3591 μεῖζον
934 3511 960 3575 δ’
978 3509 1023 3583 ἐπὶ
1037 3515 1130 3596 κέρδεϊ
1139 3515 1234 3598 κέρδος

521 3591 644 3666 ἔσσεται,
659 3588 689 3654 εί
697 3592 721 3654 κ’
738 3589 838 3676 ἀνεμοί
847 3621 877 3679 γε
891 3593 984 3670 κακάς
999 3598 1139 3681 ἀπίχωσιν
1154 3597 1252 3682 ἀήτας.

262 3714 303 3757 vv.
319 3687 494 3754 663-694.
511 3687 633 3772 Ἠματα
645 3693 817 3778 πεντήκοντα
831 3699 902 3779 μετὰ
916 3698 1025 3782 τροπάς
1039 3701 1139 3786 ἠελίοιο

519 3776 558 3848 εἰς
571 3776 650 3850 τελος
664 3777 799 3853 ἐλθόντος
813 3783 925 3865 θέρεος,
941 3785 1123 3867 καματώδεος
1136 3781 1224 3871 ἀρης,

520 3859 625 3943 ὡραῖος
638 3863 752 3930 πέλεται
766 3877 884 3949 θνητοῖς
898 3869 996 3942 πλόος·
1012 3870 1075 3936 ούτε
1090 3898 1120 3936 κε
1135 3878 1189 3955 νῆα

519 3944 669 4024 καυάξαις,
685 3947 740 4015 ούά
757 3948 863 4034 ἀνδρας
878 3953 1050 4038 ἀποφθείσειε
1063 3955 1217 4032 θάλασσα,

519 4029 592 4114 εἰμὴ
607 4030 640 4116 δὴ
654 4035 788 4120 πρόφρων
802 4063 832 4120 γε
847 4038 1016 4104 Ποσειδάων
1030 4043 1198 4126 ἐνοσίχθων,

519 4111 535 4197 ἢ
549 4115 620 4191 Ζεύς
635 4119 795 4185 ἀθανάτων
809 4123 938 4206 βασιλεύς
951 4127 1080 4208 ε’θελησιν
1094 4126 1217 4194 ὀλέσσαι.

520 4202 549 4264 ἐν
562 4211 620 4276 τοῖς
634 4203 688 4286 γάρ
703 4205 781 4280 τιλος
797 4203 870 4271 ἐστὶν
884 4206 960 4292 ὁμῶς
975 4210 1099 4294 ἀγαθάν
1113 4239 1143 4278 τε
1158 4217 1252 4277 κακοῖν
1266 4238 1305 4278 τε.

837 4319 860 4356 κ.
876 4319 900 4356 τ.
915 4296 939 4356 λ.

351 4371 452 4430 tusus
467 4365 544 4430 623:
957 4457 958 4462 η

517 4490 567 4572 γῆν
580 4488 606 4554 δ’
625 4490 795 4576 ἐργάζεσθαι
807 4499 987 4580 μεμνημένος,
1001 4493 1041 4571 οἷς
1054 4523 1086 4563 ⁰⁸
1099 4497 1213 4578 δέλθίω,
1285 4585 1290 4598 ,
