3326 5308
186 601 235 640 seu
251 579 402 640 lusciniam
415 580 599 647 maculatam,
615 575 645 634 iu
657 576 738 650 cujus
744 573 916 651 flavescenti
923 582 1047 649 pectore,
1058 573 1231 648 praesertim
1245 572 1411 630 nunnosae

186 674 255 726 sunt
269 685 346 735 ares,
360 664 404 722 uic
419 664 480 722 iilic
486 664 595 736 fuscae
609 669 755 738 apparent
769 662 901 719 maculae
915 679 951 718 ac
966 660 1070 728 striae,
1081 659 1185 753 quoles
1199 657 1282 716 etiam
1298 657 1329 716 in
1343 658 1411 717 aldo

188 754 262 810 collo
277 751 477 822 obcaecatum
501 763 589 824 quem
604 744 641 804 ob
658 762 721 803 rem
737 743 773 803 ad
790 744 867 802 hanc
883 741 1026 803 aviculam
1043 742 1192 821 epitheton
1208 739 1410 805 οσικιλόδει·

188 859 246 914 ρος
260 833 368 912 optime
384 829 546 892 conveniat.
590 827 838 891 Mitscberlicbius
861 822 954 912 (apud
969 826 1126 905 Goettling.
1144 825 1180 886 ad
1197 846 1221 886 v.
1236 823 1321 904 203.)
1337 826 1411 886 haec

188 917 322 998 praebet:
348 918 459 977 Collum
483 918 621 976 lusciniae
641 918 753 976 dioerm
772 916 845 974 anni
864 924 988 992 tempore
1005 915 1146 973 diuersum
1162 921 1215 985 est,
1235 914 1319 972 modo
1333 913 1410 972 rubi·

189 1007 253 1064 dum
276 1007 399 1064 colorem
419 1003 518 1062 subtus
537 1003 691 1061 admodum
713 1001 848 1071 intendit,
871 1002 954 1058 modo
969 1000 1090 1058 remittit.
1136 996 1179 1058 ud
1196 997 1252 1057 hoc
1264 994 1410 1075 judicium

189 1087 369 1150 Clementem
384 1085 616 1147 Alexandrinum
641 1080 781 1168 (Pacdag.
798 1083 833 1144 ll.
851 1080 911 1160 10.)
936 1100 1149 1162 provocamus:
1178 1079 1314 1152 ὡσαύτως
1332 1077 1411 1163 καὶὴ

187 1171 283 1254 ἀηδών
296 1169 345 1236 καὶ
361 1170 394 1237 τὸ
407 1176 508 1254 χρῶμα
522 1166 570 1233 καὶ
580 1167 631 1250 rin
644 1167 717 1252 dciv
731 1167 952 1251 supperaddider
961 1177 1025 1240 ταῖς
1034 1177 1167 1250 τροπαῖς·
1183 1166 1291 1246 quibus
1303 1163 1410 1226 similia

186 1255 325 1318 exhibent
340 1257 486 1318 Homerus
503 1254 570 1331 (Οά.
586 1260 622 1316 T.
638 1253 734 1331 517),
750 1252 921 1314 Aristoteles
937 1254 983 1331 (H.
999 1252 1031 1313 Α.
1046 1251 1095 1312 ΙΧ.
1111 1251 1186 1330 39),
1202 1249 1343 1314 Aelianus
1359 1245 1409 1333 (H.

187 1342 220 1404 A.
236 1342 301 1403 XII.
316 1339 394 1416 28),
419 1339 609 1417 Etymologus
625 1338 661 1399 Μ.
680 1333 722 1421 (p.
738 1337 809 1402 813.
824 1334 869 1423 8.)
894 1346 924 1399 et
938 1336 1052 1399 Plinius
1069 1338 1114 1414 (X.
1128 1335 1203 1415 43.).
1248 1335 1350 1415 Neque
1373 1336 1409 1396 ad

187 1426 302 1488 literam
318 1424 367 1484 hic
382 1423 630 1506 ποικιλόδειρον
646 1423 733 1484 variis
747 1423 890 1485 lusciniae
905 1422 1040 1498 maculis,
1056 1441 1132 1502 quae
1148 1423 1225 1484 circa
1240 1421 1334 1500 ipsius
1350 1421 1411 1482 col·

185 1511 247 1570 lum
271 1509 423 1586 dispersae
447 1518 529 1581 sunt,
553 1509 717 1587 intelligere
740 1509 851 1588 possis,
875 1509 927 1570 sed
953 1509 989 1570 de
1011 1508 1131 1588 proprio
1154 1506 1247 1586 ipsius
1272 1505 1411 1568 attributo

189 1600 310 1674 propter
332 1593 440 1656 variam
466 1613 580 1665 vocem,
605 1595 641 1654 de
663 1613 722 1674 qua
746 1593 856 1654 multus
879 1611 981 1654 rumor
1000 1594 1087 1654 etiem
1111 1593 1253 1654 hodierno
1269 1591 1317 1652 die
1332 1591 1410 1672 apud

187 1678 316 1739 Graecos
331 1681 486 1756 perfertur.
530 1679 623 1756 Igitur
638 1695 816 1757 quemquam
832 1678 919 1738 lectio
941 1677 1190 1759 norurtddesooc
1212 1677 1243 1737 iu
1260 1676 1410 1757 plerisque

190 1762 357 1835 codicibus,
384 1763 534 1842 Lennepio
554 1763 678 1843 jubente
695 1758 739 1844 (in
755 1779 814 1822 var.
831 1763 896 1824 icet.
914 1763 950 1822 ad
967 1764 995 1823 h.
1012 1763 1050 1839 ι.)
1067 1771 1097 1822 et
1111 1762 1148 1822 ab
1163 1761 1301 1822 omuibus
1317 1762 1410 1823 Scho-

186 1847 279 1908 liastis
293 1847 416 1926 legitur,
440 1846 609 1908 Ruhnkenii
627 1857 724 1908 tamen
741 1849 909 1908 emendatio
926 1844 970 1932 (in
986 1847 1076 1926 Epist.
1093 1846 1161 1908 urit.
1178 1847 1199 1908 1.
1215 1866 1244 1925 p.
1261 1843 1322 1925 82.)
1337 1871 1411 1912 ποι-

184 1933 381 2016 κιλόρηρυο,
398 1950 485 2013 quam
502 1932 686 1993 Gaisfordius
703 1926 755 2014 (ed
768 1929 847 2018 bv.)
866 1941 894 1994 et
910 1933 1017 1994 Comes
1034 1929 1080 2016 (in
1096 1931 1203 2011 Aesopi
1219 1931 1309 1993 sebui.
1323 1951 1351 2010 p.
1364 1927 1409 2015 5.)

185 2019 359 2098 approbant,
375 2036 435 2078 uon
451 2035 517 2078 csse
532 2019 648 2079 videtur
662 2018 823 2096 probanda.
847 2018 888 2078 [ie
900 2019 1040 2098 junctura
1057 2017 1146 2097 hujus
1162 2016 1302 2079 carminis
1316 2017 1409 2096 partis
1437 2057 1447 2070 -

185 2121 252 2164 cum
268 2103 515 2182 praecedentibus
532 2101 556 2162 si
573 2103 773 2164 Vollbebrium
790 2098 822 2184 (i.
834 2103 852 2164 l.
867 2123 896 2182 p.
912 2101 953 2165 49
970 2099 1045 2186 seq.)
1061 2104 1269 2182 interrogares,
1284 2103 1359 2164 baec
1374 2121 1409 2163 ex

184 2207 219 2250 eo
243 2189 361 2250 audires
383 2188 488 2258 verba,
512 2206 587 2265 quae
610 2196 696 2246 sunt:
726 2190 828 2264 quodsi
842 2199 934 2246 autem
951 2191 1086 2247 Lenru‘us
1102 2188 1135 2266 (t.
1153 2193 1171 2247 t.
1183 2210 1216 2265 p.
1233 2187 1319 2268 238.)
1334 2191 1410 2250 bano

175 2275 315 2346 fabulam
331 2281 405 2330 certe
424 2274 548 2346 ejusdem
562 2274 697 2344 auctoris,
712 2273 762 2348 qui
775 2274 842 2330 aliis
858 2275 927 2332 locis
938 2273 1116 2332 acerbissime
1128 2294 1190 2332 cum
1205 2274 1317 2350 rapidus
1327 2284 1406 2352 aqut,

185 2375 244 2414 esse
259 2357 401 2427 concedit,
424 2357 488 2416 nuic
497 2365 602 2432 poetae
616 2366 703 2416 totum
719 2377 834 2416 carmen
850 2367 997 2434 acceptum
1011 2359 1108 2416 deberi
1122 2360 1207 2417 etiam
1222 2359 1285 2417 ideo
1298 2360 1411 2418 ridemr

185 2442 322 2501 immerito
333 2461 448 2521 neqare,
461 2443 540 2519 quod
548 2462 671 2515 carmen,
683 2443 741 2502 nisi
751 2462 787 2500 ea
798 2463 896 2522 rapum
902 2445 1067 2521 fratrisque
1073 2445 1213 2519 facinore
1224 2463 1260 2502 ac
1270 2445 1408 2503 memoria

177 2528 341 2602 profectum
356 2536 435 2600 esset,
450 2547 488 2585 eu
503 2529 585 2586 nulla
599 2530 725 2606 propria
735 2539 840 2606 poetae
855 2529 1014 2590 conditione
1030 2539 1121 2588 omum
1133 2531 1409 2608 arqumeutisuissct

176 2630 251 2686 pure
261 2622 386 2688 putaque
401 2613 543 2672 didactici.
584 2614 671 2680 Quod
683 2615 751 2673 miii
764 2634 946 2691 nequaquam
962 2616 998 2673 ab
1016 2623 1105 2690 poeta
1130 2616 1232 2672 aetatis
1247 2617 1407 2674 Hesiodeae

182 2697 295 2756 admitti
303 2697 431 2771 potuisse
445 2697 570 2766 uidetur,
581 2699 752 2772 praesertim
767 2719 853 2774 qaum
869 2719 904 2756 ue
913 2700 1083 2774 posterioris
1097 2699 1209 2775 quidem
1224 2701 1327 2756 aetatis
1337 2717 1407 2774 poe-

182 2789 238 2850 tae,
254 2780 441 2856 Tbeoqnidcm
453 2781 524 2850 dico,
537 2781 699 2852 Horatium,
714 2783 861 2859 Vir-pilium
872 2783 1000 2859 aliosque
1011 2778 1103 2858 (cons.
1117 2782 1222 2842 Welclc.
1230 2784 1273 2840 ad
1284 2785 1407 2860 Tbeoyn.

177 2865 278 2940 praes.
286 2884 318 2941 p.
328 2865 452 2922 LXXX
462 2862 535 2944 seq.)
550 2865 613 2922 eine
630 2866 786 2932 bominum,
810 2887 881 2942 quos
896 2869 1041 2938 docerent,
1057 2868 1197 2944 mentione
1211 2869 1407 2930 tantummodo

182 2950 212 3008 ιἰι
234 2950 410 3008 enarrandis
431 2949 514 3008 rebus
536 2959 729 3009 uersarentur.
760 2950 798 3009 m
813 2967 871 3010 uon
888 2949 953 3011 sine
972 2951 1039 3030 jure
1055 2948 1274 3012 observandum
1289 2969 1356 3012 esse
1371 2950 1406 3010 li-

182 3039 275 3106 ceret,
300 3032 377 3112 quod
398 3051 457 3095 non
474 3033 573 3094 omnia
588 3041 639 3094 aut
654 3033 738 3112 plura
755 3034 858 3095 saltem
875 3034 983 3114 scripte
1000 3053 1036 3096 ex
1050 3034 1108 3096 illis
1124 3034 1270 3096 aetatibus
1286 3053 1407 3098 conser-

21 3171 24 3186 ‚
53 3085 246 3208 Nata
261 3126 339 3180 suut.
383 3118 453 3180 Ideo
470 3137 545 3200 quae
562 3118 598 3178 ab
614 3119 679 3197 ipso
694 3127 861 3200 sequuntur
875 3120 921 3181 bis
936 3119 1054 3182 disertis
1069 3120 1183 3182 verbis:
1206 3143 1280 3199 quae
1294 3123 1406 3197 fabula

22 3209 24 3218 '
181 3206 237 3264 uisi
250 3207 314 3264 lmic
334 3208 395 3263 loco
416 3208 572 3284 composita
591 3208 633 3264 ad
650 3208 742 3283 meum
757 3209 915 3268 Hesiodum
934 3217 1075 3286 spectaret
1083 3217 1202 3285 poetam
1217 3227 1254 3266 ea
1268 3229 1322 3268 usu
1340 3229 1405 3267 con-

181 3298 258 3348 sueto
270 3290 408 3360 columba,
424 3293 565 3365 nisallor,
582 3293 719 3350 lusciniae
732 3295 793 3352 loco
803 3294 931 3354 adbibita
946 3303 1016 3360 esset
1030 3290 1122 3370 (cous.
1135 3296 1241 3353 Horat.
1257 3294 1310 3354 Od.
1318 3296 1345 3352 I.
1354 3295 1405 3352 37.

181 3374 218 3428 17
232 3391 290 3450 seq.
337 3375 425 3434 Orell.
442 3376 528 3454 Sapie.
545 3377 594 3451 Α).
612 3379 674 3436 tto.
690 3380 751 3436 me
765 3399 823 3455 seq.
868 3380 960 3438 Scbol.
983 3381 1026 3438 ad
1045 3381 1071 3438 lc.
1095 3381 1215 3438 Hesiodi
1237 3381 1254 3439 l.
1271 3381 1403 3457 AesclryI.

84 3457 88 3462 '
181 3459 323 3517 Promoti
341 3462 381 3518 85
386 3460 441 3542 7.),
457 3478 675 3538 supervacanea
691 3461 809 3523 tuerint.

244 3591 248 3633 7
265 3540 307 3600 De
323 3561 408 3604 versu
423 3541 501 3607 202:

409 3661 495 3728 vird
512 3663 589 3728 airon
602 3663 739 3749 daudeia’
758 3665 824 3748 ε’ρείυ
839 3667 984 3750 φρονέουσι
998 3663 1046 3730 καὶ
1061 3665 1169 3744 αὐτοῖς,

179 3794 221 3856 sic
236 3804 316 3858 recte
330 3795 501 3877 benuepius
518 3799 560 3876 (in
576 3819 652 3862 com.
663 3802 698 3862 ed
716 3802 792 3874 bv.)
809 3801 957 3881 exposuit:
983 3802 1157 3882 Goemtinqio
1172 3805 1287 3864 attan
1296 3815 1401 3882 postea

180 3881 301 3954 uidetur,
325 3887 404 3961 quod
416 3887 557 3959 judicium
579 3889 690 3948 ratione
704 3890 865 3947 destitutum
887 3909 946 3948 esse
968 3891 1066 3948 merito
1080 3890 1188 3950 censuit
1203 3892 1398 3951 Hermannas.

179 3961 264 4025 Loci:
286 3967 457 4050 dacuiedo'
481 3969 562 4049 ἐρέω
582 3972 765 4055 φρονέουσι
786 3968 843 4035 uui
864 3970 982 4045 αὐτοῖς
1005 3974 1042 4050 (v.
1059 3971 1161 4050 202),
1186 3981 1227 4034 ct:
1250 3974 1281 4039 oi
1302 3973 1403 4056 ariade

179 4049 273 4130 dinuo
296 4052 452 4121 ἐθέλουσι
474 4053 637 4120 δικάσσαι
660 4059 697 4134 (u.
718 4057 793 4135 38),
817 4065 857 4118 et:
887 4051 910 4122 ὦ
932 4062 1097 4141 βασιλεῖς,
1120 4056 1217 4141 ὑμεῖς
1238 4056 1272 4123 di
1293 4085 1402 4124 naru-

178 4133 357 4216 φράζεσθε
377 4137 435 4206 καὶ
457 4138 555 4206 αὐτοὶ
581 4141 686 4224 Tricce
706 4144 801 4225 dium
824 4139 883 4226 (vr.
899 4142 949 4206 48.
965 4139 1049 4226 49),
1074 4144 1211 4206 acerbam
1234 4144 1403 4225 exprimunt

178 4227 279 4281 contra
291 4219 405 4300 judices
420 4225 545 4288 ironiam
559 4234 681 4307 propter
695 4227 793 4288 fictam
813 4225 901 4290 litem.
936 4230 1059 4290 Versum
1082 4227 1145 4292 202
1167 4248 1235 4291 cum
1258 4240 1401 4311 sequente

179 4302 249 4364 citat
269 4306 442 4372 Ammonius
465 4307 550 4395 (inv.
566 4308 679 4396 uiroc)
702 4319 732 4373 et
753 4312 926 4376 Eustatbius
950 4309 995 4397 (iu
1010 4315 1064 4376 Od.
1079 4333 1108 4393 p.
1126 4313 1216 4378 1766.
1232 4313 1283 4378 57.
1329 4315 1400 4377 Vide

176 4387 266 4555 ῧῑέἓὲῐ
278 4391 445 4556 ilidii&
462 4395 489 4459 2.
517 4418 544 4478 p.
562 4396 652 4464 1158.
669 4395 724 4464 35:
764 4398 817 4460 Od.
833 4418 861 4478 p.
879 4397 969 4464 1425.
984 4397 1037 4462 49.
1082 4400 1179 4462 Schol.
1201 4400 1349 4480 Aristopb.
1369 4402 1399 4461 in
