3326 5308
816 513 875 520 ⁵——
881 515 1010 522 —-.-..---

391 637 456 698 lam
472 640 633 720 antiquitus
648 661 708 706 non
724 645 818 707 solum
835 647 871 708 ah
887 648 959 727 ipsis
974 647 1090 708 Boeotis
1105 646 1278 727 ἀκέφαλον
1293 648 1430 721 traditur,
1444 657 1516 710 teste

307 721 452 783 Pausania
467 724 528 802 llll.
544 724 623 802 31.):
643 733 781 794 Βοιωτῶν
795 728 825 794 di
839 733 866 796 οἱ
878 730 940 813 περὶ
953 730 1003 796 τὸν
1014 728 1149 795 Ἑλικῶνα
1167 729 1305 800 οἰκοῦντες
1318 734 1517 816 παρειλημμένα

306 805 373 888 όῦξρ
391 807 525 890 λίχουσικ,
545 807 586 883 ῶς
604 809 674 877 άλλο
690 811 824 888 Ἡσιόδοις
840 819 954 898 ποιῆσαι
968 810 1046 878 οῦδὲν
1060 811 1077 896 ἢ
1096 811 1242 895 τοὶἝργα·
1264 810 1312 876 καὶ
1325 815 1430 880 τούτων
1445 814 1474 880 δὲ
1487 816 1518 881 τὸ

304 889 414 964 εἰςτὰς
435 893 556 967 Μοῦσας
574 895 725 980 άφαιροῦσι
746 901 900 980 προοιμιον,
924 896 1012 980 ἀρχὴν
1030 902 1080 980 τῆς
1099 896 1234 978 ποιήσεως
1247 897 1333 961 εἶναι’
1344 896 1377 961 τὸ
1405 902 1444 972 εἰς
1467 901 1520 974 τὰς

300 971 559 1080 Ἔθλδαῆλίιθπες-
602 983 669 1047 Καί
682 1009 729 1064 μοι
748 984 874 1066 μόλυβδον
893 981 1061 1062 ι’ὅεόινυσαν,
1082 981 1157 1044 ἔνθα
1170 979 1187 1062 ἡ
1201 980 1288 1063 πηγὴ,
1308 979 1346 1045 τά
1359 984 1451 1046 πολλὰ
1464 984 1521 1049 tad
1641 1025 1642 1032 ι

303 1063 352 1122 τοῦ
369 1086 469 1143 χρονου
486 1068 699 1147 λελυμασμεῦον·
718 1067 870 1150 γέγραπται
890 1062 921 1128 di
943 1066 1019 1144 αῦιῴ
1039 1064 1186 1147 τότἘργα·
1207 1065 1258 1125 sed
1280 1066 1368 1126 ctiam
1388 1067 1520 1128 al'raxi-

303 1144 414 1222 phane,
430 1145 625 1227 Theophrasti
640 1150 793 1229 discipulo,
809 1157 838 1210 et
852 1149 889 1209 ah
904 1151 1086 1222 Aristarcho,
1108 1149 1304 1210 illustrissimo
1320 1150 1518 1228 grammatico.

303 1231 468 1290 secundum
484 1232 622 1294 Proclum
638 1235 668 1312 (l.
686 1235 738 1312 c.):
753 1231 795 1298 ῦτι
809 1230 839 1296 δὲ
853 1232 886 1298 τό
901 1234 1044 1318 προοιμιόν
1059 1261 1130 1306 τινες
1144 1236 1311 1317 διέγραψαν,
1332 1230 1427 1317 ῶσπερ
1442 1233 1518 1298 άλλοι

302 1337 333 1376 τι
350 1310 398 1378 καί
416 1314 602 1400 Ἀρίσταρχος
620 1318 749 1403 ὀβελίζων
771 1317 835 1390 τοὺς
855 1319 977 1400 στίχους,
998 1317 1046 1384 καί
1066 1318 1253 1400 Πραξιφάνης
1271 1315 1350 1382 ότοῦ
1373 1318 1518 1400 Θεοφράσ·

302 1423 352 1462 του
369 1399 514 1482 μαθητής,
528 1399 595 1484 μηδὲ
608 1408 690 1468 τοῦτο
704 1403 852 1484 ἀγνοῶμεν.
900 1397 991 1475 Οὗτος
1003 1403 1096 1485 μέντοι
1109 1401 1159 1466 καὶ
1180 1404 1296 1482 ἐντυχεῖν
1313 1426 1393 1483 φησιν
1408 1402 1518 1482 ἀπροοι-

300 1482 410 1564 nimo>
431 1489 471 1564 τῷ
490 1488 585 1568 βιβλίῳ
602 1483 650 1549 καῖ
669 1486 811 1568 ἀρχομένω
822 1483 907 1568 χωρίς
921 1490 971 1568 τῆς
985 1486 1149 1568 ἐπικλήσεως
1163 1491 1220 1550 τῶν
1235 1490 1361 1550 Μουσῶν
1380 1488 1516 1560 ἐντεῦθεν,

305 1567 374 1632 Οῦκ
400 1565 468 1650 άρα
490 1574 612 1649 μοῦνον
637 1570 692 1650 ἔην
718 1571 856 1652 Ἐρίδων
877 1571 978 1653 γε’νος.
1022 1566 1084 1634 Καὶ
1108 1569 1163 1654 γάρ
1185 1574 1267 1634 τοῦτο
1290 1573 1396 1651 τρόπον
1417 1565 1458 1651 ipo,
1480 1568 1519 1640 ῶς

302 1651 400 1727 ἔοικεν,
426 1649 506 1734 dodoi
524 1653 637 1736 γράφειν
652 1652 718 1718 ἄνευ
731 1659 831 1736 σκηνῆς
848 1659 988 1738 ποιητικῆς
1007 1654 1167 1738 ἐγχειροῦντι
1184 1650 1232 1717 καὶ
1249 1653 1304 1735 πρὸ
1324 1658 1422 1735 θυρῶν
1437 1652 1519 1736 ὄγκον

302 1737 506 1818 ἐπιδεικνυμένῳ
524 1737 658 1820 περιττόν.
699 1739 849 1840 Ἐπάχεται
866 1741 899 1802 de'
909 1765 988 1813 τινας
1001 1739 1034 1805 τὸ
1053 1738 1089 1822 μὴ
1109 1738 1169 1804 άπὸ
1187 1741 1237 1802 τοῦ
1251 1737 1398 1809 Ἑλικῶνος
1418 1742 1519 1810 καλεῖν,

301 1819 431 1885 Βοιωτόν
445 1818 523 1898 ὄντα,
539 1822 593 1895 τάς
608 1823 741 1898 Μοῦσος,
760 1845 854 1904 ωσπερ
874 1824 903 1886 ἐν
921 1828 955 1903 τῇ
974 1825 1113 1904 Θεογονίᾳ
1130 1824 1290 1902 πεποῦγκεν,
1310 1821 1369 1884 ἀλλ’
1391 1821 1450 1886 άπὸ
1471 1827 1521 1901 τῆς

303 1906 430 1988 Πιεριάς,
445 1905 484 1978 τίς
497 1906 531 1970 τὸ
543 1907 580 1989 μὴ
594 1910 764 1988 προσίεσθαι
782 1905 816 1970 τό
834 1907 989 1989 προοιμιον·
1011 1905 1088 1986 τάχα
1106 1903 1173 1968 δ’άν
1187 1901 1227 1984 eci]
1242 1901 1292 1967 καὶ
1309 1908 1392 1968 τοῦτο
1410 1911 1520 1968 παιδευ-

301 1988 389 2062 τικὸν,
413 1990 452 2062 είς
470 1989 502 2054 τό
522 1989 559 2096 μίγ
573 1989 670 2054 πάντα
692 1991 730 2055 τόν
750 1991 838 2055 οἰκεῖα
857 1989 1007 2072 σεμνύνειν,
1027 1987 1100 2052 ἀλλὰ
1121 1985 1169 2051 καὶ
1192 1985 1231 2052 τά
1248 1988 1315 2070 παρ’
1338 1986 1431 2060 ἄλλοις
1449 1985 1519 2052 όντα

300 2072 431 2154 μειζόνως
458 2073 562 2157 άγαθα
583 2074 767 2157 προτιμότερα
792 2079 850 2138 τῶν
871 2075 977 2138 οἰκείων
998 2075 1148 2138 τίθεσθαι·
1175 2069 1223 2136 καί
1242 2067 1297 2155 γάρ
1318 2071 1371 2144 τάς
1398 2073 1520 2143 Μοῦσας
1641 2129 1642 2148 ,

301 2156 434 2260 τετάχθαι
447 2154 497 2240 μὲν
510 2157 539 2221 ίν
557 2163 591 2238 τῇ
606 2162 710 2241 Πιερίᾳ
722 2156 823 2241 φασὶν,
838 2161 867 2223 ἐν
883 2155 913 2222 δὲ
931 2162 972 2238 τῷ
983 2156 1108 2221 Ἑλικῶνι
1124 2155 1257 2239 χορεῦυιν,
1276 2160 1325 2238 τῆς
1338 2151 1388 2236 μῦν
1402 2158 1520 2237 Πιερίας
1641 2171 1642 2188 ³

300 2239 350 2322 τίγκ
371 2265 440 2324 οπερ
458 2242 508 2308 τόν
526 2242 628 2326 κόσμον
641 2243 721 2320 τάξιν
740 2243 879 2327 dulcisone,
901 2243 949 2328 ἀφ’
965 2237 999 2326 ἧς
1017 2242 1056 2314 είς
1075 2242 1124 2306 τὸν
1142 2241 1245 2321 κόσμον
1262 2244 1403 2322 προῆλθε,
1426 2245 1475 2304 τοῦ
1488 2236 1519 2302 dd

298 2321 451 2399 Ἐλαιῶνος
464 2326 514 2410 τὴν
532 2327 686 2411 ἐγκῦσμιον·
710 2328 738 2392 ότ
757 2328 811 2411 γάρ
824 2328 913 2406 τούτῳ
930 2326 1070 2410 χοριῦουσι
1090 2336 1153 2398 ταῖς
1172 2326 1306 2407 σφαιραις
1324 2325 1404 2386 ε’ννία
1424 2322 1520 2393 οίσαις

302 2408 493 2494 ι’πιβεβρκυῑω.
527 2413 648 2473 Ττειιοε
664 2414 753 2490 (apud
770 2413 914 2474 Gaislord.
931 2413 968 2472 ad
983 2411 1092 2488 locum)
1108 2411 1182 2470 haec
1196 2409 1344 2470 observat:
1360 2407 1462 2480 ἰστέον,
1477 2405 1520 2472 ὅτι

299 2493 485 2578 Ἀρίσταρχος
502 2493 550 2559 καί
570 2495 656 2578 ἕτεροι
674 2498 824 2580 ὀβελίζουσι
841 2497 1047 2578 τιό-προοίμιον,
1066 2492 1114 2558 καὶ
1133 2493 1333 2575 Πραξιφάνης,
1356 2489 1521 2573 ὁμαθιγιίγς

306 2579 500 2660 Θεοφράστου,
511 2580 597 2662 λόγων
606 2581 916 2664 άπροοιμιάστῳβιβλάγι
928 2580 1045 2663 ἐντυχεῖν
1056 2578 1200 2660 άρχομίνῳ
1214 2578 1351 2651 ἐντεῦθεν,
1368 2575 1438 2640 oda
1453 2573 1520 2655 ἄρα
1605 2623 1606 2626 ,

300 2666 425 2743 μοῦνον
450 2663 504 2747 ’ἔην
531 2665 651 2747 ἐρίδων
672 2670 779 2771 γένος.
823 2667 883 2727 Νοο
910 2683 1069 2744 agnoscere
1093 2663 1206 2723 videtur
1229 2661 1405 2723 Plutarchus
1429 2659 1519 2736 (sym-

301 2766 364 2826 pos.
377 2747 426 2808 lx.
439 2748 493 2827 l.):
516 2745 641 2832 ᾅσαντος
651 2757 681 2814 da
692 2750 844 2829 (Horridus)
859 2749 897 2815 τά
909 2755 1010 2830 πρῶτα
1021 2746 1202 2832 τῶκἝργαν,
1220 2747 1289 2812 Οῦκ
1301 2744 1371 2826 άρα
1384 2746 1517 2835 μοῦνον.

303 2831 490 2894 Herodianus
505 2831 578 2914 (περὶ
592 2859 671 2917 σγιγμ
686 2857 715 2915 p.
730 2835 781 2897 49.
798 2836 844 2895 ed.
859 2835 973 2910 Diod),
993 2834 1081 2894 citato
1096 2852 1183 2894 versu
1199 2831 1228 2892 2.
1245 2830 1370 2901 exordii,
1387 2826 1518 2906 suhjrcit:

299 2913 334 2982 εί
348 2941 383 2999 γε
404 2917 539 3001 γνήσιον
553 2918 714 2985 Ἡσιόδου
732 2919 770 2985 τὸ
789 2922 970 3002 προοίμιον
991 2920 1142 2998 τίθεμεν.
1187 2916 1271 2974 Unde
1284 2913 1453 2974 Brutlsskiuss
1468 2909 1520 2970 ab·

298 3001 493 3082 judicandum
505 3003 635 3065 Hesiodo
650 3005 767 3068 censuit
781 3005 909 3084 fecitque
923 3002 1107 3083 prooemium
1119 3019 1154 3060 cx
1165 3017 1219 3058 sua
1235 2996 1363 3057 editione
1374 2994 1518 3085 exsulare.

302 3089 462 3146 utcontra
484 3106 587 3149 versus
609 3091 720 3152 exordii
748 3089 876 3152 1-10.
898 3089 930 3150 in
947 3086 1055 3168 Ἔργοις
1078 3085 1183 3152 citant,
1208 3089 1240 3141 ut
1260 3078 1438 3147 hesiodos,
1465 3075 1519 3169 liro

303 3171 530 3250 Chrysostomus
553 3173 683 3252 (priores
703 3189 809 3233 novem
828 3173 860 3231 in
881 3175 960 3232 Orat.
976 3170 1068 3246 Xll.);
1089 3183 1208 3227 versum
1224 3165 1252 3226 l.
1268 3164 1362 3224 Draco
1378 3162 1520 3236 Stratoni·

302 3273 394 3316 conus
411 3257 452 3334 (p.
463 3255 512 3318 77.
526 3255 576 3318 27.
588 3257 680 3336 seq.);
695 3275 812 3317 versum
828 3255 858 3318 2.
874 3253 1045 3326 Euslathius
1061 3252 1110 3329 (ad
1124 3250 1159 3312 ll.
1174 3269 1203 3328 p.
1216 3247 1244 3311 9.
1260 3248 1295 3310 ad
1312 3247 1366 3308 Od
1383 3241 1518 3341 putata.

301 3339 352 3404 32.
374 3359 403 3418 p.
426 3337 611 3418 1809.13.);
633 3360 751 3402 versum
773 3339 804 3402 3.
827 3340 905 3401 idem
926 3339 975 3417 (ad
996 3337 1028 3400 ll.
1047 3355 1077 3415 p.
1092 3333 1160 3412 52);
1182 3351 1299 3394 versum
1324 3335 1352 3393 5.
1375 3327 1519 3392 Aristides

303 3424 351 3502 (T.
367 3424 390 3485 l.
407 3443 436 3502 p.
452 3422 524 3488 338.
541 3425 587 3486 ed.
603 3425 717 3502 Diod.);
738 3444 842 3486 versus
862 3423 891 3486 9.
907 3425 998 3484 linem
1018 3429 1047 3482 et
1064 3419 1182 3481 initium
1201 3416 1351 3497 sequentis
1362 3413 1520 3493 -Elymolo-

303 3509 401 3587 picum
422 3510 461 3570 Μ.
482 3510 523 3588 (p.
538 3509 610 3573 314.
625 3508 708 3588 43.);
730 3529 849 3571 versum
866 3507 915 3570 10.
931 3508 1025 3569 Draco
1042 3504 1169 3566 Straton.
1191 3505 1231 3581 (p.
1246 3500 1297 3566 89.
1314 3499 1392 3577 14.);
1413 3499 1519 3558 Eusta-

304 3592 385 3654 thius
401 3594 460 3674 (ad.
476 3593 510 3654 ll.
526 3613 554 3672 p.
571 3592 642 3656 573.
658 3614 687 3673 p.
705 3593 796 3656 1044.
810 3593 863 3654 42.
879 3593 917 3653 ad
932 3591 986 3653 Od.
1002 3612 1031 3670 p.
1046 3588 1137 3653 1359.
1153 3585 1203 3650 33.
1248 3585 1319 3647 Vide
1333 3582 1517 3662 Lennepium

302 3677 333 3737 in
349 3677 567 3740 Commentario
582 3679 612 3739 in
629 3679 748 3740 Hesiodi
763 3679 859 3758 Opera
878 3685 908 3738 et
922 3676 990 3738 llies
1005 3695 1049 3735 vv.
1068 3672 1211 3748 1-10.).
1240 3671 1283 3732 Ex
1304 3666 1519 3763 recentioribus
1556 3746 1559 3754 Ι

303 3763 337 3824 0.
350 3761 490 3824 Heinsius
505 3783 542 3824 ox
552 3763 703 3824 Plutarchi
717 3763 781 3824 loco
797 3763 885 3824 citato
900 3761 1016 3839 collegit
1031 3758 1183 3820 exordium
1198 3757 1254 3817 hoc
1263 3753 1371 3839 Ἔργοις
1386 3753 1517 3814 additum

304 3866 371 3908 esse
391 3867 408 3907 a
429 3847 626 3910 Grammatico
647 3848 773 3927 quodam
794 3848 884 3924 (conl.
899 3845 1040 3906 Brunclrii
1061 3853 1158 3904 notam
1176 3841 1213 3902 ad
1233 3841 1367 3918 Apollon.
1382 3835 1478 3897 Rhod.
1494 3833 1517 3892 l.

303 3929 388 4008 643).
415 3933 543 3994 iubente
558 3933 732 4011 Goettlingio
749 3932 798 4009 (ati
810 3933 852 4008 l),
873 3953 902 3995 υ.
914 3934 1003 3990 1-9
1017 3939 1058 3990 cst
1071 3933 1190 4006 hymnus
1202 3929 1234 3987 ιἰι
1244 3930 1345 3988 Jovem
1359 3926 1413 3981 huc
1424 3930 1518 4018 traus-

305 4021 389 4085 tatus,
405 4028 436 4076 ut
447 4028 526 4077 υτιιω
540 4021 615 4078 iilud
623 4020 660 4078 ad
671 4019 743 4080 Jove
753 4019 931 4094 principium
943 4019 1028 4075 etiam
1042 4017 1086 4074 hic
1096 4022 1260 4090 opportuna
1270 4008 1422 4087 praeheret
1435 4007 1517 4065 ι’πιῖισ

298 4104 436 4180 poemati,
451 4105 649 4172 occidebatur,
665 4101 805 4182 ἀτιφάλῳ.
828 4099 1017 4161 Hermannus
1031 4098 1061 4158 in
1073 4115 1197 4158 censura
1214 4089 1448 4167 Gocttlingianac
1457 4082 1517 4164 pri·
1638 4133 1639 4150 .

305 4205 370 4248 urae
390 4186 573 4264 prooemium
596 4187 653 4246 hoc
677 4206 767 4247 unum
790 4205 855 4246 esse
876 4185 947 4245 dicit
962 4203 997 4245 ex
1011 4182 1062 4256 iis,
1086 4181 1194 4260 quihus
1208 4196 1261 4256 pro
1276 4174 1371 4235 luhitu
1387 4177 1517 4235 uterotur·

305 4269 409 4343 ἀοιδὸς,
426 4278 457 4330 ut
470 4271 622 4332 recitando
638 4271 675 4332 ah
690 4291 722 4332 se
737 4271 860 4332 carmini
874 4269 1072 4348 praeluderet.
1102 4266 1161 4327 Sed
1175 4260 1307 4323 lianlrius
1324 4260 1355 4337 (l.
1371 4259 1430 4354 lp.
1442 4253 1517 4349 313),

305 4354 473 4434 honncpius
494 4357 523 4431 il.
537 4358 592 4433 α),
613 4354 798 4416 Vollbehrius
819 4355 849 4432 (l.
865 4355 884 4414 l.
900 4373 928 4432 p.
946 4352 1008 4429 17.)
1029 4351 1135 4429 aliique
1150 4348 1240 4427 hujus
1253 4361 1399 4424 prooemn
1415 4357 1518 4438 penur-

307 4449 394 4502 utem
414 4441 560 4502 affirmare
580 4441 762 4502 contendunt
785 4440 873 4515 (conl.
896 4437 1020 4499 Rodium
1042 4436 1085 4496 in:
1113 4430 1288 4492 Gsschichte
1308 4426 1517 4522 der'cprschen

307 4525 482 4589 Dichtlrunst
505 4526 557 4590 der
572 4526 714 4588 Hellenen
737 4545 765 4604 p.
779 4523 852 4588 430.
874 4532 932 4584 not.
951 4522 1001 4597 1.).
1046 4518 1137 4578 Nobis
1159 4536 1226 4578 vero
1250 4522 1393 4576 sententia
1414 4512 1516 4573 Clerici
