3326 5308
765 464 807 529 29

172 714 238 757 esse
251 692 397 764 videntur,
413 688 531 775 ἀγαθὴ
546 697 575 750 et
589 687 647 754 oin
663 688 793 774 ἀγαθὴ,
809 687 888 768 quod
901 693 1004 765 poetae
1016 701 1158 765 perquam
1171 683 1394 744 dissentaneum

173 788 231 850 est,
248 787 279 839 ut
293 797 325 838 ex
343 776 477 838 versibus
492 773 563 838 319.
579 772 650 836 324.
667 775 761 836 lucet:

417 909 502 983 αίδοίς
516 936 559 975 τοι
573 911 646 993 πρὸς
660 909 782 993 ἀνολβίη,
797 908 910 990 θάρσος
925 903 954 970 δὲ
970 905 1041 990 πρὸς
1055 903 1143 989 ὄλβῳ·

416 996 593 1079 ἀνθρώπων,
610 996 680 1060 αι’δώ
696 995 728 1058 δέ
739 994 766 1059 τ’
785 994 909 1074 ἀναιδείη
923 992 1083 1072 κατοπάζη·

173 1153 201 1214 in
217 1152 267 1213 illo
284 1151 362 1211 enim
379 1149 482 1222 αίδάς
500 1153 545 1228 τῷ
563 1147 698 1229 θάρσει,
715 1148 745 1208 in
762 1148 817 1207 hoc
831 1149 866 1228 τῇ
882 1146 959 1209 αἰδοῖ
970 1145 1093 1226 ἀναιδείη
1108 1141 1275 1222 opponitur.
1299 1143 1395 1221 Spah-

172 1237 240 1300 nius
255 1236 354 1322 dyapip
370 1233 501 1295 adverbii
515 1234 580 1293 loco
595 1233 706 1310 posuit,
723 1231 801 1312 quod
816 1231 1001 1311 probandum
1019 1237 1077 1302 est,
1098 1229 1156 1294 oin
1172 1226 1292 1312 ἀγαθὴ
1306 1233 1397 1310 κομί·

173 1325 220 1397 ζει
235 1329 422 1391 construens,
438 1320 457 1382 i.
473 1338 497 1378 e.
513 1339 571 1377 non
587 1320 663 1391 dene,
678 1339 745 1392 non,
761 1328 792 1378 ut
806 1321 832 1376 ei
839 1319 942 1395 prosit.
979 1316 1022 1375 nd
1039 1314 1116 1374 hanc
1131 1313 1306 1373 sententiam
1323 1313 1396 1374 ller-

173 1427 300 1467 mannus
323 1421 441 1484 quoquc
463 1409 492 1462 et
514 1401 683 1482 Lennepius
706 1401 747 1477 (in
770 1421 845 1463 com.
869 1420 911 1462 vv.
934 1396 1132 1474 317-319.)
1155 1399 1397 1476 conspiraverunt

174 1493 263 1569 (conf.
280 1489 368 1548 etiam
384 1486 531 1548 Vollbehr.
547 1487 565 1548 l.
581 1488 600 1550 l.
617 1507 645 1567 p.
662 1487 702 1551 57
719 1491 801 1567 sea).

258 1575 324 1633 lam
341 1571 377 1632 ab
389 1571 472 1632 initio
487 1573 517 1633 in
528 1581 628 1633 mente
641 1571 696 1633 luit
706 1581 810 1652 poetae
826 1573 946 1632 fratrem
962 1569 991 1630 in
1009 1569 1179 1630 universum
1192 1568 1308 1643 docere,
1325 1587 1398 1648 quo-

175 1658 262 1718 modo
278 1657 354 1718 bene
369 1656 513 1736 beateque
528 1657 687 1717 vivendum
704 1656 755 1728 sit3
778 1656 828 1733 qui
845 1674 909 1714 eam
921 1655 1035 1714 vivendi
1051 1654 1196 1715 rationem
1209 1653 1398 1734 adipiscetur,

175 1743 337 1820 alienarum
352 1737 493 1802 rerum'si
510 1741 635 1820 cupidus
651 1760 710 1800 non
726 1740 763 1800 sit
779 1738 992 1817 diligenterque
1007 1748 1153 1818 operetur.
1177 1739 1293 1811 Quibus
1308 1739 1398 1800 rebus

174 1829 213 1888 ita
229 1848 261 1889 se
277 1825 464 1900 habentibus,
481 1826 599 1906 quando
615 1834 643 1886 et
658 1825 806 1905 quomodo
822 1823 1015 1885 laborandum
1030 1841 1172 1903 prospero
1188 1842 1329 1886 successu
1345 1833 1398 1896 cst,

176 1932 255 1975 nnnc
271 1911 297 1974 ci
314 1918 443 1972 statuere
462 1919 549 1990 poeta
570 1919 693 1973 conatus
713 1920 765 1971 est.
798 1909 945 1970 Henricus
961 1909 1130 1988 Stephanus
1145 1907 1237 1986 (apud
1252 1908 1398 1969 Gaislord.

174 2020 198 2061 v.
204 1995 288 2075 381.)
305 1997 341 2058 de
355 1997 412 2058 hac
428 1996 566 2058 carminis
581 2005 664 2076 parte
681 1996 753 2056 dixit
767 1997 854 2056 haec:
871 1997 964 2056 nescio
976 1997 1148 2074 qaoyudicio
1159 1998 1236 2073 vulp.
1250 1997 1313 2054 cdd.
1325 1997 1399 2054 bunc

174 2087 276 2145 librum
290 2085 443 2142 secundum
458 2085 579 2143 Hesiodi
592 2085 778 2154 constituant,
799 2103 884 2160 quum
899 2083 925 2140 si
938 2083 982 2140 bic
996 2083 1034 2140 sit
1052 2082 1162 2140 initium
1177 2082 1306 2153 secundi,
1327 2083 1401 2140 illud

148 2236 151 2242 ,
168 2167 307 2250 Ἤματα
326 2167 352 2231 δ’
376 2166 410 2230 s’n
425 2166 558 2231 Διόθεν
581 2167 842 2248 πεφυλαγμένος
865 2168 939 2225 tertii
956 2168 1067 2226 initium
1086 2186 1144 2224 esse
1159 2176 1302 2252 ομονιοαίτ
1324 2168 1402 2244 quad

173 2265 269 2315 tamen
283 2256 353 2313 illae
368 2255 459 2311 dicere
475 2272 565 2311 ausae
583 2272 642 2310 non
661 2261 740 2321 sunt,
763 2253 827 2310 licet
848 2259 874 2308 et
895 2251 970 2308 banc
988 2259 1104 2330 partem
1126 2271 1145 2308 a
1163 2253 1400 2325 praecedentibus

173 2341 385 2414 distinpuentes.
415 2337 480 2413 Epo
495 2344 568 2392 certe
582 2336 767 2394 considerans
781 2335 892 2392 titulum
906 2335 989 2408 hujus
1004 2336 1134 2410 opusculi
1148 2354 1206 2392 esse
1219 2333 1322 2416 Ἔργα
1343 2331 1400 2397 καὶ

172 2417 327 2501 Ἡμέραι,
344 2420 425 2478 etita
440 2421 470 2478 in
486 2421 559 2478 duas
575 2421 721 2478 duntaxat
731 2439 790 2478 esse
796 2429 898 2495 partes
910 2420 1040 2491 dionunt,
1051 2420 1113 2477 'illis
1124 2419 1292 2478 editionibus
1302 2440 1399 2479 assem

176 2508 225 2565 tiri
239 2525 297 2564 non
306 2506 398 2582 potui,
415 2525 489 2581 quac
505 2505 606 2564 librum
621 2507 774 2564 secundant
789 2505 854 2563 linc
869 2506 992 2580 incinuere
1003 2507 1116 2564 uolunt:
1131 2500 1214 2582 (nam
1225 2506 1335 2582 alioqui
1345 2514 1401 2563 tres

173 2611 234 2650 esse
245 2589 331 2650 libros
346 2609 457 2648 necesse
468 2593 551 2666 foret
565 2592 696 2668 opusculi
709 2592 739 2650 in
755 2591 828 2649 duas
844 2600 955 2649 lantum
968 2600 1071 2667 pactas
1087 2592 1183 2661 diuisi,
1204 2591 1247 2649 uti
1260 2589 1335 2670 dixi)
1351 2593 1403 2648 sed

171 2676 243 2736 satis
259 2695 317 2734 esse
326 2677 433 2751 putavi
446 2677 472 2733 si
487 2677 575 2734 literis
589 2677 755 2750 majusculis
771 2677 944 2734 ostenderem
958 2683 1076 2751 poetam
1097 2678 1138 2732 ad
1156 2679 1277 2733 alterum
1292 2677 1401 2753 primis

176 2763 242 2820 libri
252 2761 406 2817 mantheum
418 2743 551 2817 iransire.
577 2760 673 2824 Quum
685 2761 758 2816 enirn
771 2769 860 2817 antea
872 2761 1000 2816 donatus
1010 2760 1047 2816 sit
1053 2761 1182 2832 fratrem
1193 2759 1235 2816 ad
1247 2762 1400 2834 suscipien-

174 2847 226 2903 dos
249 2843 372 2913 labores,
390 2843 562 2918 praesertim
584 2843 717 2913 rusticae,
744 2845 833 2900 inulta
854 2843 965 2901 interim
984 2843 1115 2902 salubria
1134 2843 1176 2902 ad
1199 2844 1400 2902 instituendam

174 2930 263 2988 vitane
278 2928 399 2988 consilia
415 2928 584 2997 admiscens,
600 2947 676 2985 nanc
691 2928 725 2985 dc
741 2929 776 2986 iis
791 2937 817 2985 et
832 2929 862 2986 in
877 2936 999 3004 tempore
1015 2937 1041 2985 et
1052 2937 1129 2986 certa
1141 2937 1203 2992 arte
1214 2927 1401 3005 suscipiendis

169 3022 328 3091 praecepta
352 3013 454 3072 tradit:
481 3013 605 3072 adeant
628 3032 702 3088 quae
724 3014 903 3089 praecedunt
921 3014 963 3070 ad
980 3015 1055 3072 dunc
1073 3033 1162 3091 usque
1182 3016 1288 3085 ἰοοαοι,
1314 3014 1402 3072 ueluti

169 3099 368 3176 praefationis
382 3099 532 3173 cujusdam
546 3097 634 3156 uicem
650 3097 773 3156 adtinere
786 3098 878 3156 uideri
887 3098 1009 3172 possint.
1032 3096 1076 3157 Ex
1087 3093 1295 3158 hac'carminis
1305 3105 1399 3175 parte,

173 3183 203 3243 in
224 3181 339 3262 quade
360 3181 537 3260 agricultura
554 3179 663 3259 agitur,
684 3188 826 3260 tanquam
846 3180 1114 3260 praestantissima,
1136 3180 1276 3243 carminis
1292 3201 1400 3243 nomen

168 3265 271 3352 Ἔργα
290 3267 456 3348 proiectum
477 3283 543 3328 ease
563 3265 686 3327 videtur.
729 3266 821 3328 Recte
843 3265 963 3346 quidem
984 3265 1118 3329 lianlrius
1138 3266 1168 3345 (l.
1184 3268 1201 3328 l.
1223 3287 1251 3346 p.
1267 3264 1309 3338 38
1324 3266 1401 3348 seq.)

175 3351 323 3413 observat:
343 3349 445 3434 Ἔργα
460 3373 576 3412 cannen
583 3355 652 3426 jam
666 3373 704 3412 cu
718 3355 922 3431 antiquissimis
937 3355 1107 3431 temporibus
1121 3363 1253 3424 uocatam
1268 3363 1324 3426 τοι,
1352 3375 1400 3414 ne-

176 3456 228 3512 que
250 3439 405 3510 τίιιοιονίίος
429 3434 531 3520 Ἔργα
554 3439 629 3496 enirn
649 3458 726 3516 prae
752 3441 848 3524 cetenis
874 3440 1002 3498 ornatibus
1028 3441 1273 3511 commendantur,
1297 3435 1401 3521 Ἔργα

176 3524 332 3582 noanneane
341 3533 458 3601 partein
473 3523 609 3583 canninis
624 3527 854 3600 complectuntur.
892 3525 980 3592 Qicad
992 3545 1044 3583 οιιι·
1052 3526 1263 3602 poetafecen't,
1274 3527 1401 3602 priunum

175 3607 357 3668 discessibus
372 3609 434 3668 397
448 3629 506 3688 seq.
522 3609 679 3668 indicatum
694 3618 747 3668 est:

344 3819 347 3830 Ι
369 3785 653 3806 .............
675 3742 830 3826 ἕργάζιν,
851 3742 948 3824 νήπιε
967 3745 1099 3826 Πέρση,

370 3825 450 3910 έργα
469 3826 512 3891 τά
531 3828 557 3890 τ’
583 3827 805 3910 ἀνθρώποισι
825 3823 905 3892 ueni
925 3830 1204 3912 διετεκμήραντο.

180 3980 229 4036 Eu
243 3983 364 4042 Hesiodi
376 3982 463 4060 ipitur
475 3984 615 4041 sententia
627 3983 668 4041 dii
677 3984 734 4059 ipsi
747 3983 937 4054 instituerunt,
952 3993 983 4042 ut
997 3984 1078 4042 ίιοοιο
1090 3985 1156 4062 apri
1165 3985 1277 4044 colendi
1287 3986 1401 4063 nepotis

178 4066 328 4139 essuperet
333 4089 344 4138 ,·
368 4069 444 4126 lanc
464 4087 553 4126 uuam
572 4070 712 4130 rationein
725 4070 887 4147 sapiendae
902 4070 1033 4147 cpestatis
1042 4071 1311 4146 praescnpscrunt5
1332 4071 1402 4130 baec

177 4157 219 4206 est
238 4149 273 4206 iis
285 4154 448 4228 pcatnsima
464 4154 589 4212 omnium
603 4163 630 4212 ct
644 4155 840 4230 acceptissima
855 4151 914 4231 (uu.
931 4153 1147 4235 309-310.):

327 4272 387 4333 nai
401 4271 428 4334 τ’
452 4268 692 4353 ἐργαζόμενος,
710 4271 795 4336 nott
813 4271 975 4354 φίλτερος
993 4271 1234 4338 ἀθανάτοισιν

329 4352 459 4430 ἔσσεαι,
479 4351 539 4439 ἡδὲ
558 4360 694 4440 βροτοῖς
713 4405 719 4418 .
735 4404 741 4418 .
759 4405 788 4419 ..
950 4365 955 4376 “

177 4503 279 4584 ltaque
292 4523 447 4588 perperam
464 4509 582 4586 qrridam
605 4528 640 4570 ex
657 4527 744 4570 versu
758 4509 831 4574 383.
848 4510 937 4574 alium
953 4509 1062 4572 librum
1079 4510 1179 4582 volant
1194 4510 1283 4586 (conl.
1299 4509 1401 4571 Lebrs.

178 4588 196 4651 l.
212 4589 231 4653 l.
248 4609 276 4670 p.
295 4587 381 4668 188.;
404 4590 550 4656 Tiresian.
566 4595 583 4658 l.
599 4596 618 4658 l.
634 4613 662 4677 p.
676 4591 751 4674 49.).
