3326 5308
150 642 156 658 Ι

140 639 316 728 αρπακτός
335 637 486 717 explicuit:
513 634 562 700 τὸν
583 633 693 716 ιάρινιιν
708 636 794 698 πιοιιν
812 633 881 716 λέγει
900 631 1142 714 παραβολώτιιτυν
1157 628 1240 706 εἶναι,
1260 623 1365 692 διὸκαὶ

140 724 312 811 ἁρπακτικὸν
335 717 425 788 αὐτόν’
440 725 526 785 καλεῖ.
566 718 609 784 Τὸ
630 718 684 802 γὰρ
703 715 812 801 συνεχὲς
832 717 881 782 οὐκ
901 716 955 798 ἔχει
975 715 1013 780 τοι
1035 714 1194 796 πνεύματα,
1218 709 1267 778 και
1287 712 1366 796 μόλις

143 811 179 877 σιν
198 837 239 884 τις
253 808 401 892 ἁρπάσειεν
420 807 572 888 ἐπιτηδείου
587 805 743 885 πνεύματος
763 801 919 886 προσβολὴν
939 802 977 872 εἰς
999 800 1032 866 τό
1048 799 1175 864 διανύσαι
1198 798 1246 864 τὸν
1269 803 1365 873 πλοῦν,

142 895 173 962 ὃν
196 897 349 968 στέλλεται,
373 892 431 974 μετ’
455 891 594 974 ὀξότητος.
632 891 668 951 Et
691 892 728 965 (v.
752 887 852 964 684.):
877 885 1064 970 ἁρπακτικός,
1088 909 1183 966 φησιν,
1206 881 1222 950 ό
1242 887 1366 954 τοιοῦτος

142 986 234 1054 πλοῦς.
280 978 349 1042 Ἐὰν
370 972 417 1042 ola
441 975 580 1058 ἐπιτόχης,
601 970 735 1057 ἥρπασας
758 972 852 1037 αὐτὸν.
898 973 988 1032 Recte
1015 970 1100 1032 etiam
1123 969 1294 1048 Leunepius
1322 968 1365 1047 (ιιι
1411 1009 1414 1014 -

53 1127 54 1134 ,
144 1085 215 1129 com.
235 1085 262 1126 v.
279 1060 364 1140 684.)
380 1061 589 1142 interpretatus
606 1070 662 1122 est:
679 1056 858 1140 ἁρπακτός
877 1061 895 1118 ι’.
912 1079 933 1116 e.
951 1079 1024 1134 puae
1039 1058 1189 1135 canipata'o
1208 1059 1293 1116 oolla
1307 1075 1366 1114 ease

137 1163 244 1231 potest,
265 1151 322 1208 νιιιι
340 1160 441 1225 rapta,
465 1151 521 1208 ειιο
540 1156 680 1222 occupato
704 1156 730 1204 et
745 1147 927 1220 occupanda,
952 1163 1014 1202 οαιιι
1029 1151 1055 1200 et
1070 1152 1138 1202 onte
1158 1151 1185 1200 et
1200 1151 1268 1219 poet
1282 1141 1366 1200 breue

141 1249 252 1314 tempus
266 1236 340 1294 illud
352 1237 512 1294 indicatam
526 1233 612 1291 varia
628 1242 654 1291 et
662 1233 830 1308 procellosa
844 1231 881 1288 ειι
895 1238 1055 1304 tempestas.
1087 1225 1280 1304 Goeltllugius
1297 1243 1364 1286 cum

143 1320 209 1381 aliis
225 1319 371 1396 vulgatam
388 1318 466 1390 bepe
481 1315 611 1377 retinuit.

227 1404 313 1465 Nunc
336 1401 475 1462 venimus
501 1401 536 1461 ad
561 1399 647 1460 aliam
670 1399 886 1479 quaestionem,
915 1405 1012 1457 utrum
1039 1396 1116 1456 male
1138 1395 1246 1456 viveret
1266 1395 1366 1458 Gumis

142 1497 247 1570 poetae
262 1494 347 1564 pater
361 1485 487 1566 ideoque
502 1487 644 1566 profugus
660 1493 752 1557 esset,
770 1503 807 1544 an
824 1481 905 1544 non?
928 1482 964 1542 At
976 1481 1076 1542 Cumis
1091 1481 1187 1560 ipsum
1205 1481 1275 1542 satis
1293 1499 1367 1559 opu·

144 1575 258 1632 lentum
274 1570 366 1630 luisse
380 1570 470 1649 plane
486 1573 638 1632 declarant
656 1570 727 1630 loci:
750 1571 823 1653 βίου
839 1567 1045 1650 κεχρημένος·
1066 1569 1192 1632 dodim]
1214 1566 1252 1646 (ι.
1269 1562 1364 1645 634),

146 1664 186 1717 et:
213 1652 288 1720 οὐδὲ
314 1652 372 1736 μιν
398 1655 521 1728 ἐσθλός
542 1656 679 1738 ῥηιδίως
699 1657 841 1736 φερέμεν
864 1652 1007 1716 δόναται
1031 1653 1068 1729 (ι.
1091 1650 1165 1714 214.
1190 1651 1274 1732 seq.).
1312 1650 1366 1712 His

145 1741 305 1813 accedunt,
329 1760 406 1820 quae
427 1741 603 1802 Plutarchus
623 1748 702 1800 recte
722 1739 869 1818 exposuit:
896 1736 1005 1810 δειλὸς
1024 1737 1157 1820 βροτός·
1179 1735 1195 1801 ὁ
1215 1735 1329 1820 ἀγενὴς,
1351 1734 1366 1801 ό

146 1825 351 1906 ἀσθενειιτερος
374 1827 496 1905 (genere
516 1835 602 1906 atque
623 1823 729 1904 opibus
750 1825 897 1900 inferiori·
921 1823 1059 1895 ε’σιιλός·
1084 1821 1100 1885 ό
1122 1826 1156 1902 τη
1175 1822 1242 1904 τύχη
1264 1820 1312 1886 και
1334 1824 1368 1902 τῇ

145 1911 257 1991 δινόμει
274 1911 408 1993 προεγων.
447 1913 551 1992 ltaque
573 1911 670 1972 Procli
690 1910 857 1990 explicatio,
882 1907 932 1988 qui
952 1907 1072 1980 ἐσθλοὺς
1093 1907 1158 1979 τοὺς
1177 1907 1241 1970 κατ’
1268 1903 1368 1990 ἀρετὴν

144 1997 322 2078 προέχοντας,
331 1995 483 2072 intellexit,
501 2016 560 2058 non
577 2006 623 2057 est
635 1996 833 2076 approbanda.
858 1993 1033 2072 Tzetzes(v.
1047 1991 1131 2072 212.)
1149 1991 1231 2053 dicit:
1246 1990 1367 2063 δειλὸς·

144 2078 280 2162 ἀγενιγςι)
302 2081 423 2163 ἀγεννής.
461 2082 572 2143 Similia
594 2081 679 2142 docet
702 2081 788 2141 etiam
812 2079 1021 2157 bloscbopulus
1045 2084 1083 2151 (v.
1105 2077 1190 2158 293.)
1215 2087 1245 2142 et
1263 2078 1367 2139 Glossa

145 2163 382 2226 vindobonensis
404 2166 520 2228 Codicis
546 2167 588 2244 (in
609 2169 684 2226 bott.
699 2167 831 2226 Monaoc.
854 2163 1020 2241 111405.)
1066 2165 1101 2224 [ιι
1120 2164 1168 2225 bio
1189 2163 1316 2237 ἐσθλὸς
1339 2171 1369 2224 et

144 2247 268 2322 δειλὸς,
296 2249 337 2308 ita
363 2248 495 2328 ἀγαθοὶ
522 2260 551 2308 et
576 2247 683 2310 δειλοὶ
708 2258 897 2326 opponuntur
922 2248 978 2310 sibi
1004 2249 1129 2308 invicem
1156 2249 1187 2308 in
1212 2248 1368 2326 proverbio

146 2333 225 2409 apud
241 2332 425 2391 Athenaeum
451 2333 494 2410 (V,
510 2350 539 2409 p.
558 2329 626 2394 178.
643 2332 675 2392 Β.
699 2332 777 2412 Lege
792 2333 937 2396 Weloberi
956 2335 1165 2412 prolegomena
1182 2333 1218 2394 ad
1235 2334 1368 2411 Theogu.

146 2433 175 2493 p.
192 2413 283 2474 xxll.
300 2417 401 2493 setll-
440 2416 524 2478 Unde
539 2422 610 2482 διον
629 2420 723 2502 γένος
743 2420 780 2500 (ι.
797 2415 881 2496 299.)
902 2420 1092 2481 scribendum
1114 2427 1173 2492 est,
1196 2419 1215 2478 i.
1233 2435 1257 2478 e.
1274 2436 1368 2496 genus

146 2506 310 2577 spectatum
327 2499 388 2560 sive
404 2502 516 2577 nobile,
542 2522 638 2584 neque
658 2509 740 2569 Δῖον
764 2505 860 2589 γένος
883 2514 933 2567 aut
953 2507 1039 2570 Δίου
1059 2508 1155 2590 γένος
1178 2504 1220 2582 (ιο
1241 2503 1366 2566 Certam.

146 2584 229 2642 Hom.
247 2591 276 2679 et
291 2583 411 2646 Hesiod.
428 2607 456 2666 p.
473 2588 545 2653 320.
567 2599 596 2650 et
611 2591 782 2670 Goettling.:
804 2589 943 2662 Ἠσίοι’,
965 2589 1081 2674 ἔκγονε
1100 2591 1208 2668 Δίου),
1233 2599 1265 2650 ut
1284 2588 1368 2650 multi

144 2677 343 2729 recentiorum
361 2673 496 2734 scribunt
513 2676 602 2749 (conl.
619 2675 706 2733 Woll.
723 2674 1115 2734 Altertbumswissensohalt
1129 2675 1165 2732 ll.
1188 2693 1216 2750 p.
1235 2673 1304 2738 188.
1322 2674 1369 2734 ed.

144 2752 305 2823 Guertler.;
334 2752 437 2814 Lebrs.
462 2759 481 2815 l.
505 2757 523 2814 l.
548 2776 576 2832 p.
598 2755 686 2826 2434
715 2755 871 2830 Goettliug.
892 2775 917 2812 v.
937 2753 1034 2829 299.)
1076 2757 1199 2816 Procius
1225 2760 1263 2835 (v.
1283 2757 1368 2831 295.)

146 2836 318 2912 ambiguam
335 2836 433 2896 reddit
448 2838 731 2915 interpretationem:
752 2837 789 2900 τὸ
811 2843 880 2900 δῖον
895 2837 990 2919 γε’νος
1010 2845 1098 2920 δηλοῖ,
1119 2837 1136 2920 ἢ
1155 2835 1199 2902 ὅτι
1213 2847 1294 2910 θεοῖς
1310 2840 1370 2902 ἀνεὶ

144 2945 230 3002 uapor
244 2918 294 3002 τὴν
310 2919 426 3002 γε’νεσιν·
441 2923 480 2994 εἰς
500 2919 555 3005 γιιρ
568 2919 674 3001 Ὀριμεά
689 2917 737 2984 και
752 2920 918 3002 Καλλιόπην
936 2920 969 2984 τό
984 2925 1061 3004 γένος
1076 2922 1191 3005 ἀνῆγον·
1211 2920 1228 3002 ἢ
1243 2922 1370 3004 εὐμενοῦς

143 3002 226 3087 οόσης
240 3009 289 3088 τῆς
304 3008 376 3070 θεοῦ
390 3009 441 3090 της
455 3008 651 3090 δωρησαμένης
666 3002 767 3076 αὐτοὺς
783 3006 872 3083 (οοιιι.
885 3007 1028 3084 Αιιοογιιι.
1044 3008 1074 3068 ιιι
1087 3008 1218 3070 Cremeri
1235 3007 1369 3068 Anecdo·

144 3090 182 3150 tis
198 3090 291 3150 Oxou.
309 3091 360 3151 lll.
382 3111 409 3171 p.
429 3091 521 3170 193.)
560 3090 673 3151 Similia
697 3090 803 3151 docent
823 3090 945 3150 Taetzes
966 3091 1118 3171 (v.301.):
1141 3095 1272 3174 Πέρση,
1296 3098 1369 3158 δῖον

143 3177 252 3259 γένος·
270 3172 287 3257 ἢ
303 3178 387 3248 Δίου,
402 3175 419 3259 ι)
433 3174 538 3261 εὐγενὲς
552 3177 641 3261 γένος·
668 3185 697 3237 et
711 3176 923 3255 Moschopulus
939 3179 977 3256 (ι.
992 3176 1092 3254 301.)
1112 3183 1184 3254 δῖον
1198 3179 1306 3260 γόνος·
1320 3175 1369 3242 τόν

145 3261 258 3342 Πέρσην
272 3260 352 3344 ιε’γει,
375 3257 391 3343 ἢ
407 3262 475 3328 διότι
489 3269 588 3334 παῖδες
602 3263 674 3325 Διὀν
693 3260 767 3334 τινός
780 3255 865 3346 ἦσαν,
887 3259 902 3346 ι)
923 3261 990 3328 διότι
1009 3263 1048 3336 εἰς
1064 3261 1151 3337 dende
1165 3263 1301 3348 ἀνέφερον
1319 3262 1369 3345 τὴν

146 3344 256 3435 γε’νεσιν·
274 3347 313 3418 εἰς
327 3343 381 3428 γοιρ
395 3345 500 3430 ’Θριγεά
515 3344 562 3412 και
577 3347 742 3430 Καλλιόπην
766 3347 800 3413 τὸ
818 3351 895 3432 γένος
915 3348 1028 3433 ἀνῆγον.
1066 3351 1150 3414 Δίου
1166 3353 1272 3433 γένος,
1298 3368 1368 3411 cou-

143 3432 288 3504 Jeeturam
305 3429 404 3491 Sevini
421 3431 506 3512 (Hist.
524 3432 615 3494 dead.
631 3432 723 3493 lusor.
741 3433 773 3492 T.
791 3432 842 3494 lll.
859 3454 886 3513 p.
905 3431 988 3510 122.)
1005 3454 1040 3495 er
1055 3435 1146 3496 Suida
1164 3438 1201 3512 (ν.
1216 3433 1367 3514 Ἡσίοδος)

146 3516 176 3570 et
190 3510 286 3572 Procli
301 3514 519 3594 prolegomenis
540 3517 659 3578 ineditis
680 3519 856 3580 confirmare
877 3519 990 3580 studuit
1009 3519 1207 3582 Ruhnkenius
1231 3521 1280 3600 (ad
1295 3520 1366 3582 Vell.

146 3596 259 3690 Patere
274 3616 302 3675 p.
318 3597 381 3677 26).
419 3602 477 3662 Sed
494 3608 566 3666 διον
582 3605 677 3685 γένος
692 3615 808 3664 tueatur
823 3615 881 3664 ιιιια
900 3605 1028 3678 Codices,
1044 3609 1122 3683 quod
1135 3609 1233 3685 sciam,
1250 3605 1366 3667 Lenue-

144 3680 212 3760 pius
228 3681 271 3760 (ιιι
287 3701 346 3742 var.
362 3685 429 3746 lect.
446 3687 483 3748 ad
499 3688 528 3748 h.
545 3687 585 3765 ι.)
602 3687 655 3760 all,
673 3710 776 3761 οιιιπεε,
792 3700 850 3770 tura
863 3694 1038 3750 Plutarchus
1054 3687 1103 3769 (T.
1117 3695 1160 3752 II.
1171 3713 1204 3769 p.
1217 3695 1302 3753 1047.
1316 3690 1367 3772 F.)

145 3777 171 3826 et
188 3768 332 3828 Cornutus
348 3765 435 3848 (ι’νιιεν
454 3773 600 3849 opusculo
618 3774 706 3834 Galea'
722 3795 755 3850 p.
772 3776 850 3854 211.)
888 3779 940 3834 Eae
955 3778 1123 3837 Seboliaata'e
1138 3780 1245 3850 ἀιεοαε,
1261 3780 1366 3858 spirae,
1386 3839 1387 3844 .
1411 3825 1414 3830 .

146 3854 194 3928 qui
207 3856 293 3916 Δῖον
309 3849 376 3931 (pro
390 3856 505 3937 Δίιόν)
521 3861 618 3917 eadem
633 3861 773 3919 sententio
788 3861 893 3920 dictam
902 3871 1053 3938 poterent.
1087 3861 1147 3921 Hos
1164 3860 1266 3934 secuti,
1282 3866 1367 3926 Δῖον

145 3934 237 4028 γένος
262 3937 420 3999 ediderunt
446 3941 612 4020 Spohnius‚
641 3941 853 4004 Boissouadius
881 3947 970 4022 (conf.
994 3945 1140 4008 Wachler.
1166 3945 1305 4007 Anmerlr.
1330 3965 1366 4008 zu

146 4019 278 4114 Hesiod's
292 4022 395 4083 moral.
413 4025 473 4084 uud
490 4031 623 4087 beonom.
640 4027 759 4088 Vorsoh.
776 4049 803 4110 p.
825 4028 918 4106 141),
941 4029 1126 4092 Gaisfordius
1142 4031 1250 4111 aliique
1275 4032 1365 4110 (cous.

145 4103 300 4184 Goettbug.
315 4108 346 4168 in
361 4109 453 4188 prael.
470 4109 541 4187 ΙΧ.)
580 4111 621 4171 Ex
636 4130 724 4172 versu
740 4111 811 4177 299.
833 4114 948 4175 videtur
964 4116 1100 4195 Ephorus
1124 4117 1214 4194 (apud
1231 4117 1366 4176 Pseudo-

145 4188 286 4282 plutarcb.
302 4191 350 4251 vit.
366 4195 452 4255 Hom.
466 4192 492 4255 l.
508 4193 536 4256 2.
558 4196 649 4256 Marx.
669 4215 698 4275 p.
715 4195 799 4276 268.)
823 4217 933 4260 nomen
948 4201 1033 4266 Δίου
1053 4200 1174 4262 Hesiodi
1195 4200 1287 4280 patris
1310 4201 1367 4260 tiu·

146 4290 235 4346 usse,
260 4281 292 4334 ut
310 4279 432 4354 patriam
453 4299 540 4342 suam
561 4279 753 4353 celebrasset,
778 4283 904 4363 ideoque
927 4304 987 4346 non
1010 4286 1075 4346 sine
1094 4287 1162 4366 jure
1183 4285 1364 4362 suspicatur:

141 4354 259 4438 Ἔφορος
272 4355 323 4441 μιν
340 4352 387 4424 οἷον
401 4362 558 4448 όΚυμαῖος
573 4365 601 4429 ἐν
615 4365 787 4449 συντάγματι
800 4372 841 4448 τῷ
853 4369 1061 4452 ἐπιγραφομένῳ
1069 4370 1224 4452 Ἐπιχουριιμ
1234 4373 1365 4448 Κυμαῖον

144 4440 230 4508 abab
243 4437 392 4548 (Ὅμηρον)
409 4447 602 4517 ἀποδεικνύναι
616 4450 783 4560 πειρώμενός
797 4477 893 4560 φησιν,
914 4451 958 4520 ὅτι
970 4453 1107 4536 Ἀπελλῆς
1126 4451 1176 4518 και
1192 4453 1298 4515 Μαίων
1318 4449 1366 4515 και

143 4531 218 4600 Δῖος
233 4533 350 4612 “deduci
364 4536 488 4613 Κυμαῖοι
502 4535 534 4602 τὸ
549 4537 638 4620 γόνος·
658 4563 698 4602 οον
712 4543 783 4617 Δῖος
798 4563 847 4621 μιν
862 4538 908 4604 dael
925 4541 996 4622 χρέα
1009 4539 1165 4620 μετῴκησεν
1184 4534 1223 4607 εις
1232 4532 1365 4618 Ἄσκρην,
