3326 5308
790 413 830 475 st

199 663 258 701 non
270 641 371 718 possis,
387 636 426 696 att
440 643 520 696 recte
535 622 705 713 Lenuepius
720 633 763 710 (in
780 651 854 695 uum.
872 653 915 692 vv.
927 631 990 696 405
1006 632 1089 712 seq).
1124 637 1234 710 Itaque,
1250 633 1313 710 ipsc
1330 632 1419 704 addit,
1528 608 1541 632 ’Χ

202 729 250 804 qui
265 725 448 799 rejiciendum
463 741 575 779 uersum
591 722 760 796 opinantur,
776 721 861 777 sinaut
874 729 1005 779 statuant
1019 739 1129 778 necesse
1144 727 1196 789 est,
1219 719 1374 777 Hesiodum
1390 720 1419 777 in

202 833 228 870 ν.
245 813 311 868 405.
327 830 385 867 non
401 808 503 865 enimie
516 809 648 879 fratrem
663 806 814 880 respicere,
835 807 965 881 qaeurnois
986 826 1047 863 euin
1062 805 1214 876 errareifesto
1230 806 1371 862 allocutus
1385 806 1422 862 sit

203 898 231 954 in
242 897 377 972 prosince
392 892 628 952 antecedentibus.
660 891 818 953 Hesiodeus
833 899 933 970 'autent
951 900 983 948 ut
997 911 1094 948 uersus
1108 892 1170 946 406·
1189 890 1339 960 babeutur,
1362 898 1420 948 sta-

203 983 348 1050 tuendum,
365 987 495 1054 poetam,
516 997 578 1036 cum
598 997 654 1033 uno
675 975 777 1051 spiritu
797 975 855 1032 tria
876 976 929 1034 illa
945 977 1134 1046 enuntiasset,
1159 995 1232 1051 qnae
1247 994 1366 1050 operam
1380 977 1423 1032 rei

156 1063 160 1068 “
200 1068 322 1124 medeae
347 1065 450 1122 ἅκίιινο
477 1066 586 1120 Persae
607 1061 733 1136 primum
756 1070 782 1118 et
806 1067 872 1118 ante
895 1063 992 1120 omniu
1020 1061 1221 1136 comparando
1249 1068 1352 1130 essent,
1376 1060 1419 1118 in-

201 1152 316 1209 cessisse
331 1158 440 1219 suetum,
455 1167 491 1206 ne
498 1151 602 1220 freter
614 1153 762 1224 γυναῖκα
777 1148 811 1202 de
826 1165 916 1203 unere
930 1147 1025 1206 statim
1041 1146 1094 1203 sib-i
1105 1147 1304 1222 comparanda
1319 1146 1421 1216 intelli-

198 1244 292 1312 qeret;
311 1235 407 1310 itaque
422 1234 567 1292 addidisse
586 1239 732 1309 γννιιῖκοι
746 1231 959 1308 intelliqendam
979 1251 1038 1288 esse
1056 1228 1192 1310 κινητὴν,
1213 1229 1253 1293 eit
1267 1227 1422 1312 γαμικὴν,

196 1322 353 1390 ancillam,
379 1338 438 1375 non
463 1335 590 1373 uamem.
633 1313 848 1394 Scilicetyenri
871 1319 954 1374 niodo
978 1317 1145 1390 simpliciter
1170 1316 1314 1372 rnutierem
1340 1311 1422 1373 mo'do

178 1417 321 1462 'umorem
335 1401 477 1478 siqnificat
491 1398 567 1476 (uide
582 1421 671 1476 supra
687 1422 711 1458 ν.
725 1402 770 1458 94.
785 1403 855 1478 399.
872 1402 953 1474 infru
967 1404 1038 1458 695.
1053 1398 1146 1479 ό’.98.).
1178 1398 1240 1457 Hoc
1255 1398 1421 1475 proximum
1473 1435 1475 1437 -
1530 1421 1532 1428 ·

199 1486 347 1564 judicium
370 1483 455 1543 nobis
478 1484 554 1544 bene
577 1484 687 1544 dictum
714 1502 860 1544 neeesse
885 1483 1007 1544 videtur.
1054 1484 1086 1544 ld
1110 1483 1202 1554 enim,
1230 1483 1307 1562 equod
1332 1485 1423 1543 irater

203 1586 325 1629 uxerem
349 1569 457 1629 ducere
480 1569 649 1648 juberetur,
678 1569 713 1628 ad
738 1568 971 1654 suppeditantes
994 1569 1069 1630 vitae
1093 1589 1164 1629 usus
1188 1568 1372 1630 11ecessaries
1396 1578 1424 1627 et

204 1653 239 1712 ad
256 1655 364 1713 lumem
380 1653 584 1730 depellendam
599 1653 786 1711 contribuere
797 1651 933 1728 potuerit,
952 1653 1041 1711 Perse
1054 1654 1089 1712 ad
1103 1653 1297 1714 laborandum
1312 1662 1422 1727 coacte,

206 1747 238 1798 ut
254 1757 289 1798 ex
304 1737 438 1800 versibus
454 1735 525 1800 399.
541 1735 616 1799 400:

453 1855 560 1938 μήποτ-ε
575 1857 624 1921 σὺν
639 1855 768 1919 παίδεσσι
783 1856 892 1938 γυναικί
903 1880 932 1918 τε
947 1844 1176 1938 depilr'dqsber,

457 1940 566 2023 ζηνεόης
580 1941 673 2023 βίοτον
688 1940 763 2004 κατὰ
779 1940 918 2021 γείτονας,
935 1942 961 2003 oi
976 1941 998 2003 δ’
1017 1941 1170 2022 ἀμελῶσιν,

204 2076 381 2138 admonendi
405 2096 494 2138 eausa
517 2075 601 2137 dictis
625 2076 774 2156 conjicias,
813 2077 968 2138 Praeterea
988 2076 1064 2137 servi
1086 2069 1163 2157 apud
1180 2079 1308 2139 Graecus
1323 2079 1366 2139 rei
1382 2081 1425 2139 la·

207 2161 327 2222 milleris
342 2170 455 2241 partem
471 2160 678 2240 per-ficiebam
695 2161 792 2238 itaque
808 2180 878 2220 voce
892 2161 1049 2242 χρήματα
1065 2164 1102 2236 (v.
1118 2161 1204 2239 407.)
1221 2163 1309 2223 etiam
1325 2183 1424 2224 servos

204 2246 438 2324 comprehendas
454 2247 544 2319 (cens.
561 2245 680 2302 Aristot.
698 2243 760 2303 Pel.
777 2249 801 2304 I.
818 2241 851 2304 2:
875 2241 978 2307 διὸκαὶ
992 2241 1008 2306 ὁ
1023 2249 1120 2315 beilou
1133 2243 1270 2350 ὑνιηηέτης
1283 2253 1340 2310 τών
1355 2249 1426 2330 πρὸς

204 2331 313 2410 νιροῐξιν.
344 2329 419 2388 ΙίιίιΙ.
432 2336 457 2391 Ι.
474 2328 507 2391 3:
524 2327 634 2409 ἐπείπερ
648 2323 696 2390 καὶ
710 2326 726 2392 ὁ
741 2331 837 2400 δοῦλος
852 2332 902 2410 τῆς
919 2327 1040 2409 κνήσεως
1053 2327 1135 2411 μέρος
1150 2355 1176 2393 τι
1190 2358 1230 2412 ην.
1260 2331 1335 2391 leid.
1349 2340 1374 2395 Ι.
1391 2333 1424 2394 5:
1445 2369 1448 2376 Δ

204 2414 305 2494 ἔθεμεν
326 2409 355 2476 di
369 2412 440 2494 νιρός
459 2414 481 2477 ν’
500 2413 643 2496 ἀναγκαῖα
661 2411 792 2496 χρήσιμον
811 2411 881 2475 εἶναι
900 2414 949 2478 τὸν
968 2418 1066 2477 δοῦλον
1089 2415 1177 2492 (conl.
1199 2415 1287 2478 etiam
1303 2416 1425 2477 Suidam

206 2519 231 2560 v.
247 2502 370 2580 κτῆμα·
384 2499 564 2576 Hesychium
581 2517 605 2556 v.
621 2501 761 2578 κνήμη).
800 2497 886 2573 Quod
903 2498 1043 2560 Lehrsius
1061 2499 1090 2577 (l.
1108 2499 1126 2557 l.
1143 2519 1170 2578 p.
1191 2500 1425 2574 lettaniae

204 2583 389 2661 significasse
413 2605 526 2644 seruam
551 2605 610 2644 uon
633 2594 753 2662 nuptum
777 2582 861 2655 dixit,
889 2594 969 2643 recte
990 2583 1187 2662 Geettlingius
1212 2587 1351 2647 refutavit
1376 2588 1424 2664 (ad

203 2669 232 2728 h.
249 2667 303 2744 v.):
329 2672 380 2727 sed
392 2672 488 2742 fursee
507 2671 625 2746 nuptias
645 2671 687 2730 sic
702 2671 793 2728 dictas
806 2689 952 2750 seruorum
971 2691 1034 2728 curn
1053 2673 1143 2731 seruis
1155 2667 1281 2748 ¹antiquo
1301 2683 1425 2750 tempore

199 2753 324 2830 probari
337 2751 396 2812 uon
406 2763 509 2828 potest.
540 2753 608 2830 Ipse
624 2751 819 2830 Geettlingius
835 2753 865 2830 ll.
882 2753 920 2828 c.)
943 2753 1044 2814 statuit
1052 2772 1067 2822 ε,
1078 2757 1222 2830 adjectum
1241 2778 1300 2816 esse
1314 2778 1425 2818 cusum

206 2838 243 2896 ab
259 2857 303 2908 eo,
319 2839 369 2914 qui
382 2840 451 2895 baec
466 2858 524 2895 non
540 2858 693 2916 conqruere
703 2848 822 2914 putaret
836 2861 899 2897 cum
913 2841 1050 2913 inferiore
1060 2843 1203 2916 poematis
1213 2851 1313 2918 parte,
1329 2844 1377 2901 ubi
1391 2847 1426 2900 de

204 2918 294 2979 unere
325 2925 455 2981 ducenda
486 2923 629 2982 Hesiodus
652 2924 808 3000 praecepit.
864 2923 922 2983 Gur
952 2924 1061 2984 famula
1088 2933 1185 3004 empta
1216 2945 1271 2986 nec
1298 2926 1426 2988 famulus

204 3013 321 3084 emptus
337 3003 586 3068 commendatur?
621 3005 736 3066 Etenim
752 3007 784 3066 in
798 3005 933 3067 versibus
950 3007 1020 3073 602.
1038 3005 1099 3071 603
1105 3027 1113 3092 ,²

409 3124 489 3208 ebed
504 3125 526 3189 τ’
545 3122 640 3190 ἄοικον
655 3135 815 3198 ποιεῖσθαι,
831 3121 879 3190 nui
894 3123 1010 3191 deseror
1025 3125 1120 3209 ἔριθον

406 3210 538 3286 δίζεσθαι
551 3213 677 3292 κε’κομαι·
692 3210 839 3294 quisunt?
856 3209 1008 3294 ὑπόπορτις
1023 3211 1127 3296 ἔριθος,

206 3345 307 3420 quales
322 3354 409 3425 poeta
425 3348 612 3407 commendat
627 3366 742 3420 serves,
759 3346 895 3426 legimus
933 3348 1022 3410 Recte
1042 3348 1131 3427 igitur
1151 3349 1283 3412 Muretus
1304 3351 1427 3432 (in-ilri-

206 3425 301 3488 stotel.
317 3431 477 3493 Oe'eenem.
493 3431 566 3510 Opp.
584 3431 617 3492 Τ.
634 3432 685 3492 ΙΙΙ.
701 3451 730 3510 p.
747 3431 819 3494 478.
836 3433 882 3493 ed.
898 3433 1030 3504 Rubukb
1051 3433 1130 3496 bunc
1146 3436 1426 3520 versumnpseboq·

205 3512 353 3578 σιόδεισν
370 3516 522 3596 judicavit.
560 3517 618 3578 Sed
639 3517 771 3578 llankius
795 3518 825 3596 (l.
847 3517 866 3577 l.
887 3538 915 3598 p.
933 3517 951 3578 8
968 3520 1056 3598 seq),
1081 3518 1130 3598 qui
1151 3519 1263 3581 Timaei
1283 3522 1425 3595 historici,

204 3596 367 3660 Aristotelis
381 3601 555 3674 adversarii,
578 3601 791 3673 testimenium,
816 3621 874 3662 nen
895 3602 994 3662 minus
1013 3612 1179 3666 memoratu
1201 3605 1336 3684 dignum,
1357 3609 1423 3668 citat

203 3703 240 3744 ex
255 3683 353 3745 Procli
368 3686 479 3746 verbis:
503 3687 535 3750 ori
557 3690 625 3770 λέγει
647 3681 695 3751 eim
717 3681 876 3770 νικΙλακόγν,
900 3686 974 3752 tlte
998 3687 1111 3773 φύλακα
1133 3694 1182 3754 τοῦ
1205 3688 1280 3755 einen
1301 3690 1348 3756 nui
1369 3697 1426 3756 τῶν

203 3771 290 3852 docie-
327 3769 433 3852 Μάτην
447 3766 495 3834 σόν
508 3771 629 3853 λέγουσιν
644 3768 746 3854 οἱπερὶ
764 3774 895 3854 Τίμαιον,
915 3771 1038 3852 Ἡσιόδῳ
1052 3774 1101 3840 τόν
1113 3775 1307 3858 Ἀριστοτέλην
1328 3777 1426 3842 πειθό-

203 3877 283 3942 μενον
297 3853 369 3936 μετὰ
384 3855 433 3937 την
447 3859 497 3938 τῆς
511 3858 639 3938 γννοιικὸς
652 3857 778 3944 κολενιόγν
791 3855 946 3940 'Epuellidr
960 3868 1080 3924 συνεῖναι
1099 3862 1133 3940 τῇ
1148 3863 1324 3942 depanar'oq,
1346 3861 1376 3938 ἐξ
1389 3856 1422 3947 ἧς

205 3938 289 4005 αὐτὸν
302 3949 379 4026 σχεῖν
394 3939 467 4015 υἱόν,
483 3941 556 4002 haec
572 3942 694 4021 colligit:
710 3945 744 4002 de
759 3965 817 4022 qua
832 3964 863 4002 re
877 3947 1128 4023 quomodocunque
1138 3948 1273 4021 judicare
1287 3953 1425 4022 uolumus,

209 4025 317 4086 Timaei
331 4037 425 4086 aetate
439 4029 550 4088 verium
557 4032 624 4104 jans
640 4034 740 4089 lectum
756 4048 822 4100 esse,
838 4038 864 4087 et
872 4049 930 4105 pro
943 4032 1061 4108 antiquo
1076 4033 1210 4103 babituri,
1226 4052 1308 4094 nemo
1320 4055 1426 4113 neqare

198 4113 312 4186 poterit.
344 4112 388 4171 Ab
404 4111 453 4172 ille
468 4109 558 4189 igibu·
572 4119 704 4193 tempere
718 4113 825 4191 legitur
839 4113 870 4173 in
886 4115 1033 4188 eruribus,
1050 4109 1099 4194 qui
1115 4124 1243 4188 exstant,
1260 4118 1422 4193 codicibus,

204 4202 235 4252 ut
250 4194 338 4255 etiam
354 4215 388 4258 ex
404 4197 460 4258 boe
479 4197 557 4269 loce,
578 4197 627 4276 qui
648 4198 793 4278 sequitur,
814 4197 969 4261 Philomeli
990 4200 1039 4277 (de
1054 4201 1217 4262 Virtutibus
1235 4210 1264 4264 et
1280 4202 1361 4264 Vitiis
1382 4203 1418 4264 ab

205 4275 417 4342 Herculanensi
440 4282 579 4344 societate
600 4283 670 4344 editi
692 4284 752 4345 Cel.
769 4286 833 4364 ΙΙΙ.)
858 4286 985 4365 perspici
1005 4285 1144 4365 potuerit:
1159 4283 1215 4350 eui
1235 4291 1298 4360 πῶς
1319 4290 1417 4372 tique

203 4365 347 4450 γαμετὴν
361 4364 406 4446 ὑφ’
421 4364 560 4433 Ἡσιόδου
581 4367 714 4452 λέγεσθαι
732 4370 782 4453 τὴν
803 4380 920 4452 γυναῖκα
942 4373 1053 4436 πολλῶν
1073 4369 1121 4435 καὶ
1141 4371 1309 4454 φασκόντων
1331 4373 1416 4440 abab

202 4451 368 4532 γεγραφόσι
385 4451 510 4532 κτητΙγν
525 4453 561 4518 ob
575 4453 736 4539 γαμετήν.
769 4455 804 4516 alt
815 4455 972 4518 Aristotele
988 4453 1251 4537 Theophrastoque
1263 4457 1425 4538 judicibus,

202 4533 270 4615 quis
292 4553 400 4614 negare
419 4537 547 4615 potuerit
566 4559 684 4611 versum
699 4536 771 4604 406.
796 4560 855 4602 non
870 4560 937 4604 esse
957 4539 1185 4604 intercalatum?
1213 4543 1336 4604 Versum
1351 4541 1423 4608 405.
