3326 5308
371 647 658 716 persuasitas:

515 795 559 834 σοι
552 766 600 833 δ’
619 797 641 834 ει
638 771 776 836 ’πλούτου
790 773 884 856 θυμὸς
899 775 1049 841 telum
1035 803 1062 840 ev
1078 774 1175 860 φρεσὶν
1189 772 1262 860 ᾗσιν,

515 849 566 918 τύδ’
585 855 684 940 ἔρδειν,
699 853 746 922 και
762 858 840 942 ἔργον
855 858 896 924 ἐπ’
914 861 983 945 ἔργῳ
999 861 1181 946 ἐργάζεσθαι,

287 996 388 1066 postea
412 987 527 1050 additos
548 1010 614 1051 esse
634 992 734 1054 statuit
748 995 943 1076 Goettlingius
965 996 1059 1075 (adh
1076 998 1114 1070 ιι
1135 1017 1193 1060 una
1215 1019 1283 1060 oum
1300 1001 1510 1083 Twestenioll

286 1073 301 1133 l.
318 1091 345 1152 p.
361 1071 434 1152 49).
472 1075 529 1134 Sed
546 1077 634 1138 ambo
649 1079 703 1139 hos
719 1099 832 1154 versus,
849 1081 898 1162 qui
914 1082 1070 1143 transitum
1086 1083 1121 1144 ad
1138 1103 1173 1166 pr
1175 1094 1295 1164 aeoepta
1311 1086 1347 1148 de
1363 1089 1509 1168 Operibus

286 1157 405 1231 laniunt,
419 1157 559 1220 Proelus
533 1180 615 1264 ipse
629 1163 769 1242 agnoscit,
786 1184 882 1246 neque
895 1167 984 1227 ullam
998 1167 1185 1248 antiquorum
1199 1169 1265 1230 de
1247 1190 1283 1232 us
1295 1172 1505 1234 dubitationem

285 1242 557 1351 memoraverim
571 1249 714 1354 ἕμποσβιν
729 1250 854 1332 ῥιγθείτα
866 1251 962 1316 πάντα
979 1253 1058 1319 κοινὰ
1073 1249 1278 1359 παιδεύματα
1263 1283 1303 1338 ιγν,
1319 1257 1357 1328 εἰς
1368 1259 1507 1344 πολιτικιγν

283 1328 409 1394 τείνοντα
426 1329 510 1434 ζωιγν,
530 1332 800 1439 οιναμιμιιγσκοντα
794 1339 852 1398 τῶν
866 1341 916 1440 τῆς
930 1339 1031 1412 κακίας
1046 1339 1155 1414 αἰτιῶν,
1176 1337 1223 1403 και
1238 1343 1286 1424 τιγς
1301 1341 1491 1415 ποικιλίας
1450 1371 1507 1409 των

282 1415 364 1496 βίων,
387 1411 435 1478 και
454 1419 596 1523 τιγπούντα
611 1418 734 1524 γνώμαις
748 1413 801 1483 τισι
817 1419 849 1483 τὸ
865 1415 977 1529 ᾖθος.
994 1423 1041 1486 Τὰ
1057 1419 1115 1486 δι’
1099 1452 1133 1506 ριγ
1135 1425 1334 1508 &peripteros
1295 1453 1351 1489 των
1366 1423 1411 1508 μιν
1426 1453 1505 1492 κακο

282 1505 409 1606 πραγιιιιν
424 1501 527 1584 ἀπάγει
541 1502 590 1568 τὸν
596 1503 755 1610 ἀκροατὴγ,
772 1501 833 1588 οιγει
847 1505 905 1568 δι’
891 1531 936 1570 επι
951 1507 1000 1571 τὸν
1015 1508 1160 1614 γεωργικδγ
1176 1511 1236 1594 βιον
1251 1508 1359 1575 καινὸν
1371 1511 1398 1574 ἐκ
1410 1511 1504 1575 τούτου

283 1583 387 1649 δίκαιον
402 1585 497 1668 πόρον,
513 1587 625 1670 καιρούς
634 1585 837 1695 ὑπογράφοντα
852 1589 900 1656 και
910 1588 1013 1665 τύπους
1025 1593 1229 1700 ἀροτρηιισεων,
1246 1597 1368 1702 ἀμιγτυιν,
1384 1597 1507 1676 φυτείας,

281 1675 433 1777 τρυγητοιι,
446 1698 504 1735 των
524 1671 657 1738 τοιούτων
678 1675 801 1740 πάντων.
850 1677 966 1749 Τούτοις
986 1679 1011 1740 δ’
1030 1677 1092 1784 ἕξιγς
1111 1705 1174 1762 περι
1166 1675 1334 1752 ναυτιλίας
1355 1681 1508 1756 διαλέξεται

281 1765 340 1828 τοις
354 1751 402 1818 και
417 1757 476 1823 ἀπὸ
485 1757 593 1864 ταύτγς
607 1762 765 1864 τρίφεσδιμ.
777 1757 998 1842 βουλομένοις,
987 1767 1089 1843 ομοίως
1108 1763 1281 1846 ὑπογράφων
1299 1765 1353 1836 τὰς
1368 1792 1416 1830 του
1404 1769 1508 1828 πλεῖν

282 1835 372 1920 ὧρας,
394 1839 443 1906 και
461 1842 515 1916 τὰς
532 1847 589 1907 τῶν
609 1846 713 1908 πλοίων
732 1845 885 1923 ἐπιμελειιιις
909 1845 997 1920 (conl.
1016 1847 1106 1904 Rarrlr.
1122 1848 1141 1904 l.
1158 1847 1175 1904 l.
1192 1865 1218 1924 p
1235 1847 1303 1916 239
1330 1849 1461 1928 Lennep.
1477 1849 1506 1908 in

286 1945 360 1986 com
378 1926 414 1985 ad
430 1927 513 1998 liv
536 1927 682 1985 Vollbehr
698 1927 715 1984 l
732 1927 749 1984 l
766 1945 828 2004 p.
809 1923 949 2005 ossen..)

366 2010 505 2069 lersibus
521 2007 592 2071 396.
608 2008 685 2071 397·

483 2125 523 2200 ὡς
536 2123 584 2192 και
599 2127 703 2193 νύνίπ’
722 2128 755 2213 lp
760 2124 921 2212 'illim'
906 2131 959 2239 ιγιγι
975 2133 1008 2198 δι’
1018 2159 1062 2199 τοι
1075 2131 1125 2200 οὐκ
1140 2131 1282 2208 ἐπιδώσω,

482 2213 576 2278 οὐδ”
562 2213 747 2300 ιπιμετρήσω·
772 2216 899 2300 ἐργάζευ,
915 2217 992 2301 νήπια
1008 2219 1170 2310 Πίριιιγ,

279 2355 360 2428 patet
379 2350 515 2424 Persem,
539 2351 717 2432 patrimonio
734 2353 952 2434 distributolv
927 2353 1048 2429 ι37.)
1073 2373 1134 2418 rom
1157 2373 1241 2416 suam
1263 2354 1424 2434 dissipasse
1445 2361 1504 2414 eta

279 2434 368 2496 lratre
384 2399 524 2497 auxilium
544 2437 674 2513 petiisse.
720 2439 796 2498 Num
811 2447 897 2516 poeta
914 2458 1006 2510 nuno,
1023 2439 1104 2499 nullo
1120 2439 1227 2498 auxilio
1243 2439 1325 2509 dato,
1347 2440 1440 2518 injus
1456 2455 1507 2500 vo-

280 2526 363 2580 catus
383 2519 493 2580 luerit?
537 2520 614 2580 Num
635 2522 708 2579 haec
729 2541 819 2580 cansa
838 2520 956 2580 maximi
980 2522 1068 2580 luerit
1083 2522 1237 2591 momenti,
1261 2521 1339 2578 unde
1354 2523 1507 2596 proiectus

279 2604 367 2664 fuerit
387 2613 473 2682 posta
489 2605 525 2664 ad
545 2605 602 2664 hoo
618 2621 737 2664 carmen
758 2604 995 2711 componendum
1016 2603 1158 2682 fratrique
1180 2566 1366 2674 derisorium,
1390 2611 1421 2663 ut
1437 2623 1504 2662 eum

281 2687 419 2796 opntinua
435 2697 563 2768 egestate
579 2687 728 2750 solveret?
757 2689 814 2750 Pro
830 2689 1006 2784 ἐγκλινομένιγι
1021 2715 1074 2754 τοι
1094 2691 1131 2765 (v.
1148 2683 1241 2792 396.)
1253 2649 1444 2748 scriberidum
1462 2698 1507 2748 est

278 2773 311 2838 τὸ
331 2773 570 2858 ὀρθοτονυύμενον
589 2772 641 2840 τοι
664 2782 751 2854 propt
753 2794 785 2834 er
804 2773 1033 2853 oppositionem:
1057 2772 1120 2860 ε’γιιι
1142 2769 1177 2837 δὲ
1191 2769 1242 2836 τοι
1258 2771 1318 2836 ούκ
1337 2771 1506 2848 ἐπιδωοω,

222 2910 225 2916 ,
280 2859 392 2920 seilicet
408 2863 483 2920 tibit
471 2870 530 2920 tam
546 2862 684 2920 desidioso
696 2861 811 2920 ιουιιυι.
835 2859 973 2920 Fortasse
989 2879 1092 2921 versus
1108 2857 1180 2922 396.
1198 2857 1240 2918 sic
1253 2855 1430 2918 scribendus
1447 2867 1505 2918 est:

495 2976 536 3052 αις
549 2973 597 3043 και
611 2979 660 3043 νύν
674 2977 716 3042 ἐπ’
735 2978 769 3059 ίμ
768 2971 924 3061 ’ίγλθες“’
910 2979 962 3061 ιγώ
979 2975 1009 3042 δι
1023 2975 1067 3043 τοι
1081 2979 1130 3044 orie
1147 2977 1285 3042 ἐπικεύσω

366 3115 490 3177 Versum
505 3111 581 3178 405:

439 3233 572 3298 -οἶκον
586 3229 635 3315 μιν
649 3233 811 3314 πρώτιστα,
827 3229 945 3316 γυναῖκά
960 3259 1003 3308 τι,
1024 3237 1091 3314 βούν
1107 3233 1128 3296 τ’
1146 3233 1288 3315 ἀροτῆρα,

277 3371 323 3430 bis
345 3369 414 3432 citat
435 3369 606 3430 Aristoteles
628 3369 670 3450 (ιιι
690 3368 775 3430 Polit
798 3369 819 3428 Ι.
838 3368 892 3445 ll:
916 3368 1015 3450 ὀρθῶς
1032 3365 1166 3477 Ἡσίοδος
1182 3367 1241 3434 εἶπε
1260 3394 1393 3512 πουγσας,
1418 3365 1502 3431 Οἶκοι

278 3451 327 3535 μιν
342 3481 363 3518 π
404 3480 522 3520 τιστακ.
534 3482 558 3519 τ.
569 3453 624 3519 λ.
611 3453 694 3563 ογίιρ
707 3454 805 3560 βγιῦς’
789 3480 842 3517 αντ
867 3451 972 3518 οικίτοιι
986 3463 1045 3526 τοῖς
1057 3454 1177 3518 πενοιοίν
1194 3453 1279 3520 ἔστιν·
1294 3473 1310 3512 ιι
1312 3451 1378 3530 (tin
1391 3445 1500 3513 Oeoon.

279 3541 299 3600 l
316 3537 385 3601 29
386 3543 474 3604 2'uaa
495 3541 639 3648 Hoeinlov
643 3536 749 3603 δίοι
714 3566 749 3603 αν
764 3537 896 3642 ὑπάρχειν
908 3538 992 3603 Οἶκον
1010 3565 1059 3644 μεν
1074 3566 1099 3602 κ
1115 3566 1139 3602 τ.
1155 3543 1180 3602 λ.
1197 3537 1229 3605 τδ
1244 3533 1293 3619 μιν
1308 3537 1362 3644 γὰρ
1378 3541 1427 3618 τίγς
1442 3560 1501 3616 τρο-

177 3623 180 3628 ’
276 3627 353 3731 ιγιῆς
350 3631 476 3708 πρώτον,
499 3626 531 3693 τιι
551 3621 580 3689 δι
598 3627 655 3689 τοιν
676 3619 891 3708 ι’λιυιιιρων,
867 3649 940 3688 ωστε
960 3619 1054 3688 δεοι
1035 3651 1071 3687 αν
1091 3624 1128 3689 τὰ
1149 3619 1213 3705 περι
1236 3621 1338 3706 τιγνγ
1306 3625 1355 3704 τίς
1340 3619 1500 3705 ςγυναικιις

276 3711 384 3792 ομιλίαν
404 3711 643 3860 οίιγγιγομιιιαοιιαι
662 3713 763 3780 καιιυς.
795 3709 836 3769 Ex
856 3709 903 3769 his
928 3708 1016 3788 igitur
1036 3709 1134 3770 verbis
1159 3708 1307 3787 colligitur
1326 3712 1497 3786 sequentem

280 3813 397 3856 versum
413 3795 434 3858 4

544 3942 593 3998 κτι
594 3914 643 4000 τιν
658 3914 690 3978 ού
706 3913 843 3999 γαμετὴν,
862 3909 921 3996 ιγ’τις
916 3909 984 3976 ·και
998 3909 1093 3998 βουσίν
1108 3911 1215 3985 ἕποιτο,

277 4049 411 4146 spprinm
431 4069 511 4123 esse3
532 4050 558 4112 si
574 4050 653 4116 euim
669 4069 736 4112 eum
754 4049 925 4110 Aristoteles
941 4049 1073 4128 legisset,
1096 4049 1132 4110 de
1148 4068 1238 4111 uxore
1252 4055 1332 4108 certe
1348 4063 1409 4104 non
1424 4041 1499 4104 sori-

277 4135 394 4214 psisset.
419 4137 549 4214 Scaliger
559 4136 666 4196 lalsum
681 4153 747 4195 esse
760 4135 902 4195 memoria
912 4133 1118 4195 Aristotelem
1111 4154 1140 4194 ιιι
1154 4129 1358 4196 Oeconomiois
1371 4130 1460 4208 (adh
1467 4128 1499 4205 l.)

277 4229 393 4293 censet,
410 4221 460 4300 qui
477 4222 533 4283 hoo
548 4240 634 4282 versu
652 4219 816 4303 absolutam
837 4227 955 4303 putaret
977 4240 1029 4281 sen
1031 4220 1154 4282 tentiam
1170 4217 1314 4280 contineri
1337 4224 1366 4277 et
1384 4221 1501 4299 γυναῖκα

277 4305 317 4366 ibi
333 4324 400 4366 esse
416 4332 542 4388 γαμετιγν.
573 4307 610 4366 At
626 4325 661 4366 ex
676 4305 740 4385 ipso
756 4325 806 4366 ver
808 4325 842 4366 su
859 4303 931 4368 405
964 4303 1084 4368 Persem
1101 4305 1244 4366 coelibem
1260 4302 1354 4366 luisse
1369 4306 1499 4378 apparet,

277 4409 368 4470 quum
384 4390 441 4451 hoc
457 4409 577 4451 carmen
593 4400 827 4471 componeretur
853 4390 1011 4463 Quaeritur
1027 4410 1114 4464 nunc
1132 4389 1234 4450 liceret
1249 4397 1352 4468 poetae
1369 4385 1498 4454 fratrem,

277 4493 364 4555 quem
380 4474 495 4553 ipsein
510 4495 543 4542 ue
560 4485 684 4584 angusta
700 4475 830 4548 videbat,
851 4484 919 4536 ante
940 4475 1038 4538 omnia
1059 4475 1096 4534 de
1111 4475 1247 4544 ducenda
1263 4489 1353 4542 uxore
1373 4469 1500 4548 cogitare

273 4557 402 4646 jubare?
432 4565 510 4623 Ναιιι
531 4571 661 4646 γυναῖκα,
678 4563 785 4638 rejecto
800 4582 884 4622 versu
899 4565 974 4635 406,
997 4563 1083 4623 aliter
1091 4581 1184 4642 quom
1205 4563 1239 4623 de
1259 4577 1351 4617 ααοιο
1371 4557 1500 4632 accipere
1599 4593 1606 4599 -
1661 4579 1662 4590 ι
