3336 5300
780 369 822 482 aa

698 515 753 522 ----
763 516 779 520 -
792 513 897 522 -------

186 644 337 726 exposuit:
361 663 493 722 aequem
510 661 662 719 posuimus
680 641 761 702 nolio
785 642 966 717 interpretem
988 651 1100 716 optare,
1123 641 1293 700 auctoritate
1314 641 1406 719 ωαηίι

187 735 315 811 ilianum,
341 751 428 808 quam
457 728 642 788 Plutarchum
667 727 804 786 Boeotum
824 735 850 784 ct
872 727 903 784 ia
927 726 1047 785 Boeotia
1068 727 1218 798 cirenem,
1242 727 1292 803 qai
1312 735 1406 785 terrae

188 818 321 878 araturam
336 823 432 874 noceat
446 813 633 888 historiaeque
651 813 736 872 totiaco
756 821 782 869 et
802 811 1001 888 antiquitatem
1019 810 1196 872 Graecorum
1210 810 1329 870 scientia
1339 813 1405 886 pol-

190 905 263 961 leret.
301 903 405 977 ltaque
417 899 566 958 Plutarchi
577 898 648 956 liber
661 898 726 954 licet
739 897 889 966 interierit,
910 904 1006 954 tamen
1020 897 1090 972 ιὐεἰι
1105 916 1143 953 eur
1156 896 1282 973 reliquiis
1296 917 1316 954 a
1332 897 1404 954 Pro·

189 991 249 1046 cula
263 986 386 1045 seruatis
400 985 470 1044 satis
485 983 654 1053 ostenditur,
674 1001 748 1058 quae
768 981 916 1039 commoda
930 981 1011 1040 nobie
1025 983 1091 1040 inde
1110 989 1174 1042 arta
1192 982 1263 1052 sint,
1289 980 1405 1056 quadis

182 1073 362 1150 potissimum
381 1071 422 1128 acl
440 1069 644 1144 explicandum
659 1067 733 1126 hunc
747 1074 865 1142 poetam
879 1085 938 1123 sese
953 1065 1128 1125 concaua-it.
1166 1065 1231 1124 lam
1247 1081 1315 1123 vero
1325 1062 1404 1123 'Pro-

186 1156 250 1216 cius
270 1153 344 1214 haec'
364 1151 447 1212 dixit:
473 1150 658 1232 Πλούταρχος
679 1148 778 1214 οὐδένα
797 1146 864 1230 φησὶ
881 1153 956 1230 μῆνα
975 1153 1132 1232 Ληναιῶνα
1154 1153 1306 1213 καλεῖσθαι
1323 1147 1405 1230 παρὰ

186 1243 336 1312 Boiocalo:
358 1237 406 1298 oui
431 1235 613 1296 annotationi
637 1233 789 1313 aptissime
809 1234 985 1314 opponenda
1006 1231 1313 1313 estLenncpii(1.c.)
1334 1252 1405 1294 con-

184 1325 309 1406 jectura:
325 1323 489 1392 modestior,
505 1330 535 1379 ut
550 1321 677 1392 uidimus,
695 1323 867 1380 Plutarchus
873 1322 945 1394 fait,
961 1321 1032 1380 satis
1046 1321 1152 1378 habens
1165 1330 1287 1392 notasse,
1303 1321 1404 1379 Hesio

186 1411 252 1470 dum
267 1411 298 1467 ia
313 1408 491 1484 clcciqaanclo
504 1426 599 1464 menae
619 1425 677 1464 aaa
697 1427 779 1464 usum
798 1425 856 1464 esse
876 1408 1002 1477 nomiae,
1025 1408 1103 1482 quod
1121 1393 1236 1464 Boeotis
1249 1407 1405 1479 familiare

187 1495 396 1566 essetfactum,
420 1501 539 1550 ceterum
558 1492 722 1561 admittens,
747 1493 876 1568 quamuis·
895 1494 946 1549 hac
967 1511 1025 1550 non
1044 1491 1145 1550 diserte
1165 1491 1254 1561 dicat,
1278 1491 1404 1550 Hesiodo

184 1577 311 1654 potuisse
326 1597 442 1636 caucam
457 1595 529 1648 ease,
549 1597 601 1634 cur
617 1596 739 1634 mensem
758 1577 838 1634 illum
859 1577 1048 1654 Ληναιῶνα
1067 1575 1181 1636 dixerit.
1218 1573 1303 1634 Unde
1324 1581 1403 1635 certe

189 1659 260 1720 nihil
280 1659 427 1737 colligitur
445 1660 527 1720 hunc
541 1675 658 1718 versum
675 1657 894 1738 supposititium
911 1676 986 1720 esse.
1010 1659 1165 1722 Praeterea
1180 1677 1277 1738 neque
1289 1658 1404 1720 Plutar-

189 1745 263 1804 chus
279 1763 375 1824 neque
390 1743 514 1807 Procius
534 1743 701 1823 ambiguam
722 1742 830 1806 alicubi
847 1741 1026 1808 mentionem
1046 1745 1083 1807 de
1098 1743 1163 1823 ipso
1183 1763 1270 1805 versu
1286 1762 1404 1823 expres-
1445 1801 1450 1813 ,

189 1837 293 1889 serunt
315 1828 403 1906 (conl.
425 1828 572 1890 Plutarch.
596 1829 625 1892 in
642 1827 774 1908 Pelopid.
798 1847 826 1906 p.
847 1827 990 1908 290.'E.).
1017 1828 1151 1894 Attamen
1175 1848 1228 1890 cur
1247 1829 1404 1902 Hesiodus,

187 1932 365 1993 quamquam
377 1913 514 1986 Boeotus
531 1913 660 1973 lonicum
674 1913 831 1974 dialectum
844 1911 1018 1992 usurpavit?
1042 1914 1120 1976 Satis
1135 1910 1224 1993 igitur
1238 1913 1403 1974 verisimilia

186 2005 300 2071 essent,
324 2017 399 2077 quae
418 1997 588 2076 Lennepius
608 1998 726 2059 exhibet
748 1997 778 2077 (l.
796 1997 849 2076 ct:
873 2002 929 2058 alsi
952 2001 1044 2058 dicere
1061 2002 1147 2060 malie
1162 2001 1330 2072 Hesiodum,
1356 2001 1405 2078 qui

186 2093 259 2142 certe
279 2085 388 2162 oriqiue
406 2086 531 2142 Boeotus
552 2105 610 2142 aaa
629 2093 704 2156 erat,
726 2085 757 2142 in
776 2103 870 2160 menae
889 2086 1045 2147 indicando
1068 2087 1110 2144 uti
1127 2087 1261 2148 maluisse
1283 2085 1404 2156 nomine,

188 2171 308 2248 quadiu
327 2170 462 2244 plurimis
480 2169 621 2228 Graeciae
636 2169 769 2241 partilem
787 2189 841 2226 usu
859 2171 1062 2244 peruulaatum
1081 2189 1138 2227 ease
1153 2171 1245 2228 sciret.
1283 2169 1403 2230 Tzetzes

187 2260 219 2322 et
238 2251 450 2326 Moschopulus
475 2251 660 2327 Ληναιῶνα
682 2249 763 2308 haud
786 2250 861 2308 male
883 2249 1066 2328 interpretati
1090 2251 1199 2312 luerint
1220 2253 1403 2326 ianuarium,

188 2333 322 2412 quamvis
339 2331 530 2390 dissentiente
543 2330 666 2410 Georgio
679 2331 860 2412 Pachymcre
871 2331 919 2409 (de
928 2333 1097 2398 Andronico
1110 2333 1283 2416 Palaeologo
1293 2337 1339 2400 tv.
1353 2337 1404 2400 15:

188 2415 274 2498 μηνὸς
286 2415 434 2487 ἐνεστῶτος
443 2415 622 2497 Ἰανουαρίου,
637 2414 668 2482 ὃν
679 2417 705 2482 οιῑ
718 2416 932 2500 τδνἈσκρῆδεν
947 2419 1061 2504 ποιητὴν
1072 2419 1243 2504 ἐξηγούμενοι
1249 2425 1405 2505 Ληναιῶνα

133 2555 136 2560 .
187 2499 249 2564 κατ’
265 2501 437 2580 Ἀθηναίους
451 2501 553 2583 ἔλεγον,
573 2499 622 2563 uin
641 2500 656 2567 ὀ
674 2499 761 2586 θὼς).
804 2501 846 2563 De
866 2521 936 2566 voce
953 2503 1103 2590 βουδόρα
1126 2505 1169 2566 sic
1189 2513 1405 2570 commentatur

186 2583 358 2645 Eustathius
374 2583 415 2656 (in
431 2585 462 2645 ll.
478 2604 506 2664 p.
526 2583 615 2646 1117.
631 2529 673 2648 53
688 2587 798 2668 seqq.):
811 2586 949 2661 Ἡσίοδος
964 2589 992 2654 ἐν
1006 2593 1041 2672 τῇ
1055 2593 1105 2654 τοῦ
1121 2595 1255 2672 χειμῶνος
1274 2591 1303 2654 ἐκ
1325 2591 1404 2676 ρόσιι

185 2667 308 2753 βοδδορα
322 2667 407 2732 εἰπών
421 2665 517 2752 ἤματα
532 2672 785 2752 προπαροξυτόνως
803 2671 874 2752 μεταλ
889 2671 1050 2757 παθητικὴν
1065 2676 1219 2757 σημασίαν,
1242 2676 1270 2740 ἐν
1285 2617 1326 2749 οἱ
1340 2676 1405 2761 βόες

187 2753 388 2835 declinarant·
403 2750 420 2835 ἢ
435 2753 510 2817 κατὰ
530 2754 664 2836 ἐνέργειαν
679 2755 877 2840 παροξυτόνως
895 2758 933 2822 aci
953 2757 1017 2830 τοδς
1030 2763 1097 2842 βοῦς
1112 2759 1269 2842 indultorem·
1289 2760 1335 2826 διοὶ
1355 2767 1404 2828 τοῦ

186 2837 286 2920 με’ρους
305 2841 361 2900 τῶν
381 2842 455 2920 βοοῖν
474 2836 577 2920 δηλαδὴ
597 2838 692 2903 πάντα
713 2844 773 2915 ζῶα
792 2840 917 2924 ἐδήλωσε.
948 2843 1136 2924 Etymologus
1159 2845 1195 2905 M.
1216 2847 1255 2926 (p.
1271 2843 1341 2909 564,
1362 2845 1403 2926 6.)

188 2921 262 2982 haec
278 2922 377 2982 docel:
391 2921 538 3005 βουδόρα
553 2921 678 3007 ἤματα·
694 2925 731 2990 τὰ
743 2926 807 2999 τοὺς
820 2925 892 3010 βόας
903 2927 1048 3011 ε’νδέροντα
1063 2929 1109 2994 διδ
1125 2929 1157 2994 τδ
1172 2921 1260 3012 κρόος.
1285 2931 1405 2994 Videtur
1484 2995 1486 3002 ,

185 3005 277 3084 igitur
290 3006 339 3067 hic
355 3007 546 3068 scribendum
561 3010 801 3092 παροξυτόνως
817 3013 905 3088 (coni.
922 3013 1008 3074 etiam
1025 3013 1120 3078 Schol.
1133 3017 1165 3079 V.
1178 3015 1210 3076 P.
1223 3013 1294 3078 550.
1311 3013 1403 3096 Heyn.

186 3090 221 3150 ad
238 3091 273 3150 ll.
290 3091 324 3150 Τ.
340 3091 399 3150 Vll.
422 3110 451 3170 p.
468 3091 566 3174 745),
592 3101 620 3154 ct
639 3095 786 3174 significat
808 3115 867 3158 non
887 3098 982 3160 solum
1006 3095 1177 3162 nutrimenti
1200 3100 1328 3181 inopiam
1351 3119 1405 3179 per

184 3175 327 3247 hiemem,
353 3182 384 3236 ut
404 3175 598 3256 Goettlingias
619 3179 669 3256 (ad
689 3179 717 3240 h.
740 3185 777 3259 v.)
799 3181 873 3256 vult,
897 3183 949 3244 sed
965 3184 1063 3245 omnia
1083 3186 1171 3260 mala,
1196 3205 1271 3264 quae
1296 3185 1402 3264 frigora

186 3277 288 3321 secum
304 3261 403 3320 lerunt
419 3263 506 3336 (conl.
522 3263 656 3344 Xenoph.
675 3264 710 3324 de
722 3265 824 3328 Venat.
835 3267 909 3328 Vlll.
925 3266 980 3342 213
997 3268 1093 3349 virgil.
1106 3271 1167 3332 Ecl.
1179 3267 1213 3332 Χ.
1230 3269 1280 3333 49.
1297 3271 1401 3350 Georg.

188 3341 238 3402 nt.
253 3342 315 3407 295
331 3347 439 3426 sequ),
456 3353 489 3407 ut
502 3347 594 3428 liquet
608 3369 644 3410 cx
659 3350 793 3412 versibus
809 3349 879 3416 505.
895 3351 971 3416 506:

412 3485 511 3546 τοῦτον
526 3483 699 3561 ἀλεύασθαι,
718 3483 765 3554 uui
780 3487 921 3571 πηγάδας,
942 3486 976 3552 ai
985 3488 1007 3554 τ’
1023 3485 1067 3554 iai
1082 3459 1165 3574 yaiau

411 3565 579 3641 πνεύσαντος
594 3572 707 3651 Βορέαο
722 3573 878 3656 δυσηλεγέες
892 3575 1060 3640 armilausa.

274 3697 469 3761 Conseruntur
483 3719 586 3764 versus
601 3702 783 3769 512--5152

412 3840 500 3936 θηρει·
513 3834 543 3941 δὲ
555 3838 709 3928 φράσσαντ’,
725 3841 811 3928 aionis·
824 3841 880 3910 δπὸ
894 3846 958 3926 μεῖν’
971 3847 1079 3924 ἔθεντο,

411 3947 467 3986 των
482 3948 531 3986 ναι
545 3924 631 4007 λάχνη
646 3926 732 4007 δερμα
746 3926 910 3994 κατάσκιον
927 3929 1000 3996 ἀλλά
1013 3958 1046 3996 νυ
1059 3929 1107 3996 καὶ
1121 3937 1177 3998 τοῖν

410 4005 519 4089 ψυχρὸς
534 4007 586 4074 ἔων
601 4007 692 4092 διάησι
707 4015 898 4094 δασυστέρνων
912 4039 964 4097 περ
979 4015 1088 4093 ἐόντων,

409 4091 462 4194 nal
472 4115 502 4162 τε
517 4090 564 4156 διδ
577 4098 654 4175 ῥινοῦ
667 4095 734 4178 βοὸς
747 4098 867 4180 ἔρχεται,
884 4095 950 4165 atat
959 4127 1004 4183 μιν
1019 4098 1093 4184 ἴσχει.

189 4225 217 4276 et
230 4235 336 4282 versus
349 4221 532 4291 ann-535:

409 4358 455 4426 ani
468 4363 532 4434 τότε
548 4361 581 4448 δὴ
597 4363 692 4447 κεραοὶ
706 4363 753 4431 καλ
767 4368 873 4452 νήκεροι
887 4369 1028 4452 ὑληκοῖται

410 4446 505 4551 λυηρδν
519 4447 685 4555 μυλιόωντες
699 4449 756 4517 circi
771 4455 835 4557 δρία
847 4455 1003 4539 βησσήεντα

357 4569 358 4572 =
409 4549 565 4614 οιιιηονσιν·
580 4561 628 4600 και
641 4539 728 4602 πᾶσιν
743 4538 782 4604 ε’νι
796 4537 878 4624 φρεσὶ
891 4545 975 4606 τοῦτο
987 4542 1109 4628 με’μηλιν,

1168 4638 1200 4684 μ
