3336 5300
877 401 920 468 44

290 624 382 708 κείμην
397 625 612 706 meliorentur,
627 623 710 690 κάκεί
720 622 809 708 γήμας
823 625 872 710 τὴν
884 625 1044 709 Πυαιμὴδην
1060 624 1356 709 έχέννησενᾝσίοδον.
1378 630 1512 718 Ἀπελλῆς

290 707 320 775 δὲ
342 709 506 792 τελευτήσας
528 709 555 773 έν
578 713 612 790 τῇ
634 713 748 790 πατρίδι
768 709 853 794 Κάμη
875 712 1004 776 coceium
1029 712 1177 795 θυγατέρα
1200 715 1359 796 Κρηθηέδα
1381 716 1507 801 τοάνομα,

290 795 517 878 προστησάμενος
537 796 608 875 αὐτῇ
627 795 675 860 τὸν
695 796 816 898 ἀδελφὸν
833 798 967 861 Μαίονα·
990 794 1022 869 ὃς
1041 796 1223 876 διακορείσας
1245 795 1296 881 τὴν
1319 805 1514 886 προειρημένην

290 877 337 944 καλ
360 879 410 963 τὴν
431 878 490 945 άπὸ
512 884 568 944 τῶν
589 884 710 944 πολιτῶν
732 879 777 942 ίπι
801 885 841 959 τῷ
861 881 981 964 γεγονότι
1000 883 1095 953 δείσας
1111 881 1288 965 κατάγνωσιν
1308 884 1407 948 ἔδωκεν
1428 888 1515 971 αὐτὴν

290 963 361 1048 πρὸς
380 963 468 1048 γάμον
485 967 586 1068 Φημίῳ
610 970 649 1044 τῷ
668 966 831 1046 Σμυρναίῳ,
855 967 1014 1044 διδασκάλῳ
1033 967 1217 1048 γραμμάτων·
1241 973 1370 1050 φοιτῶσα
1393 968 1423 1033 δέ
1443 973 1515 1056 odet]

291 1048 336 1114 ἐπὶ
350 1049 415 1122 τοὺς
429 1049 559 1122 πλυνοὺς,
582 1051 608 1113 οἳ
628 1045 700 1132 ἦσαν
720 1050 799 1133 παρὰ
824 1057 865 1130 τῷ
887 1053 1008 1133 Μέλητε,
1032 1048 1171 1131 άπεκάησε
1193 1049 1374 1136 τὸνὍμηρον
1396 1053 1440 1119 ἐπὶ
1464 1059 1515 1123 τὸν

290 1135 430 1217 ποταμὸν,
446 1131 494 1197 καί
509 1133 556 1198 διά
570 1140 652 1199 τοῦτο
669 1133 857 1218 Μελησιγενὴς
872 1135 976 1218 ἐκλήθη
997 1137 1086 1212 (coni.
1103 1136 1175 1196 Bon.
1193 1137 1211 1196 i.
1229 1137 1246 1196 l.
1264 1158 1292 1216 p.
1308 1138 1396 1214 4233
1412 1141 1512 1201 Goctt-

290 1220 360 1298 ling.
381 1219 410 1280 in
431 1221 522 1298 praes.
544 1240 572 1298 p.
590 1219 660 1296 ΧΙ.)
699 1221 756 1282 Sed
778 1221 898 1282 Hesiodi
920 1229 1033 1300 patrem
1055 1221 1091 1280 ad
1113 1221 1242 1300 inopiam
1264 1224 1416 1284 redactum
1439 1226 1511 1286 emi·

291 1324 391 1383 grasse
406 1303 498 1383 liquet
512 1325 547 1364 ex
562 1305 697 1366 versibus
714 1304 785 1368 637.
802 1303 878 1368 638;

538 1423 587 1486 οὐκ
602 1421 708 1506 άφενος
721 1424 829 1507 φεάγων
843 1422 906 1489 οὐδὲ
921 1423 1040 1488 πλοῦτόν
1055 1451 1085 1488 τε
1099 1421 1147 1488 καί
1162 1423 1257 1508 ὄλβον,

536 1507 610 1571 ἀλλὰ
625 1507 712 1592 κακίγν
726 1511 832 1591 πενίην,
855 1507 905 1592 τίγν
919 1508 990 1581 Ζεὺς
1006 1507 1135 1592 ἄνδρεσσι
1150 1509 1252 1574 δίδωσι.

294 1643 372 1718 Quin
389 1665 423 1705 ex
438 1661 524 1704 versu
541 1641 598 1706 29:

571 1761 646 1826 νείκε’
664 1761 850 1839 ὀπιπεύοντ’,
867 1763 968 1848 ἀγορῆς
983 1762 1121 1828 ἐπακουὸν
1138 1763 1235 1841 ίάντα,

291 1899 387 1979 ipsum
400 1907 514 1978 patrem
528 1898 637 1959 Ascrae
653 1898 769 1959 civitate
781 1899 921 1959 donatum
936 1919 1001 1959 esse
1013 1909 1147 1978 apperet3
1164 1900 1241 1960 unde
1254 1901 1413 1960 Ascraeum
1428 1920 1515 1962 voca-

291 1991 367 2057 tum;
392 1984 446 2043 soti
463 1983 541 2043 enim
558 1983 636 2043 cives
653 1982 708 2049 sori
726 1984 885 2063 participes
906 1991 989 2046 erant
1012 1985 1101 2063 (cons.
1119 1985 1205 2046 Wolf.
1227 1984 1263 2044 ad
1277 1984 1391 2062 Leptin.
1412 2003 1440 2064 p.
1460 1984 1509 2048 18.

292 2067 680 2129 Alterthumswissenschast
696 2069 741 2129 lV.
762 2089 791 2148 p.
816 2067 900 2142 160.;
923 2069 1111 2130 Valckenaer.
1132 2070 1168 2130 ad
1190 2069 1336 2130 Theocrit.
1354 2069 1390 2128 H.
1415 2089 1443 2148 p.
1459 2068 1510 2134 50.

292 2153 337 2213 ed.
365 2152 492 2228 Heind.).
537 2153 573 2213 At
601 2160 740 2231 possetne
770 2162 874 2232 poetae
907 2163 1003 2233 pater,
1035 2163 1067 2214 ut
1093 2154 1257 2234 ἀτίμητος
1280 2153 1513 2236 μετανάστης,
1601 2185 1605 2193 ’

292 2247 412 2316 propter
431 2247 590 2316 egestatem
614 2244 651 2314 tv.
672 2235 754 2316 638.)
778 2239 887 2300 Ascrae
910 2239 1055 2299 civitatem
1080 2236 1243 2317 consequi?
1273 2238 1408 2318 Antiquis
1433 2240 1514 2299 enim

292 2321 474 2402 temporibus
498 2323 656 2405 ἀτίμητοι
679 2325 895 2404 μετανάσται
922 2323 1081 2385 audiebant
1103 2323 1135 2395 ii,
1162 2323 1212 2403 qui
1235 2332 1337 2402 postea
1363 2324 1515 2406 μέτοικοι

293 2408 480 2483 dicebantur,
502 2417 533 2468 ut
549 2408 719 2469 Aristoteles
743 2409 786 2486 (in
803 2409 863 2468 Pol.
879 2409 930 2470 ΙΙΙ.
945 2409 987 2486 3.)
1010 2411 1106 2488 docet:
1128 2411 1264 2492 λέγεται
1284 2409 1434 2490 μάλιστα
1458 2435 1514 2474 πο·

291 2495 385 2574 λίτης
404 2490 420 2557 ὁ
438 2495 586 2574 μετέχων
607 2498 673 2556 τῶν
692 2502 808 2574 τιμῶν,
831 2489 943 2574 ὥσπερ
962 2490 1018 2555 καὶ
1034 2491 1178 2575 Ὅμηρος
1197 2493 1353 2575 ίποίησευ
1376 2493 1419 2570 (in
1439 2495 1472 2554 li.
1490 2501 1513 2556 l.

293 2575 364 2638 648.
381 2584 422 2638 H.
439 2574 520 2654 59.)‚
541 2575 586 2649 ιδς
600 2575 703 2640 είτιν’
724 2578 887 2660 ἀτίμητον
904 2577 1135 2660 μετανάστην·
1152 2575 1263 2658 ὥσπερ
1277 2578 1433 2658 μέτοικος
1447 2577 1513 2657 γάρ

292 2662 383 2726 ἐστιν
398 2658 413 2724 ὁ
429 2664 493 2725 τῶν
508 2666 611 2744 τιμάν
626 2661 667 2746 μίγ
685 2663 842 2744 μετέχων.
866 2662 988 2722 Procius
1004 2665 1041 2736 (v.
1052 2661 1137 2743 637.)
1154 2664 1189 2723 de
1205 2661 1325 2723 Hesiodi
1340 2669 1422 2740 patre
1437 2660 1512 2719 haec

293 2746 386 2807 addit:
401 2747 507 2828 λέγουσι
521 2746 570 2812 τὸν
585 2749 696 2829 πατέρα
708 2744 841 2811 Ἡσιόδου
856 2747 961 2830 πένητα
976 2745 1056 2823 ὄντα,
1069 2747 1217 2821 δανειστάς
1228 2745 1347 2820 πολλοὺς
1362 2746 1511 2829 ἐσχηκέναι,

292 2830 333 2896 διδ
347 2829 395 2895 καί
409 2831 527 2913 πέφευγε
541 2829 591 2915 τὴν
605 2833 737 2913 πατρίδα·
759 2841 787 2892 ct
808 2833 845 2910 (v.
861 2830 960 2909 635.):
981 2834 1072 2914 ἐπειδή
1092 2859 1162 2905 τινες
1176 2833 1306 2915 φεέγονσι
1325 2829 1375 2916 τὴν
1390 2831 1515 2911 πατρίδα

293 2915 409 2998 μηδενὸς
429 2916 562 2997 δεόμενοι·
587 2911 668 2989 οὗτος
691 2913 721 2979 δὲ
741 2919 825 2998 πίνης
848 2914 888 2979 oio
910 2919 1024 3000 διίηωγε.
1062 2919 1183 2978 Τεοιιεε
1208 2919 1246 2992 (v.
1262 2915 1346 2989 635.)
1370 2917 1456 2976 haec:
1481 2915 1514 2978 od

292 3005 419 3066 πλουτῶν
433 3003 566 3084 πίφευγεν
581 2999 656 3066 ἀλλὰ
676 3001 722 3065 διὰ
740 3005 843 3085 χρείαν.
881 3003 1091 3082 Moschopnius
1114 3003 1152 3077 (v.
1168 2999 1250 3072 635.)
1270 2999 1356 3056 haec:
1380 2998 1412 3059 οὐ
1431 2997 1513 3062 πλοά

292 3111 351 3160 cem
365 3083 405 3148 ολν
419 3085 542 3170 ἔφευγον,
565 3083 633 3168 ὅπερ
652 3083 723 3159 τινές
741 3091 848 3151 ποιοῦσι
866 3087 1013 3170 φεύγοντες
1031 3084 1081 3166 τὴν
1099 3083 1222 3162 πατρίδα
1244 3079 1359 3162 μηδενὸς
1382 3079 1511 3163 δείμασι,

294 3169 367 3234 ἀλλά
380 3173 474 3253 πίνης.
511 3173 618 3232 Verum
634 3179 736 3250 postea
752 3191 824 3250 opes
841 3173 967 3232 crevisse
983 3170 1131 3238 videntum
1153 3184 1221 3226 narn
1237 3165 1302 3246 ipse
1318 3165 1464 3227 Hesiodus
1479 3166 1508 3223 in

293 3255 434 3317 Helicone
449 3273 518 3316 oves
534 3257 688 3335 pascebat,
705 3265 737 3317 ut
751 3276 855 3318 versus
870 3255 920 3318 23.
936 3255 966 3314 in
982 3252 1151 3330 theogonia
1169 3251 1255 3330 plane
1272 3251 1415 3312 declarat:

576 3373 665 3457 άρνας
680 3375 861 3458 ποιμαίνονθ’
875 3373 1022 3446 Ἑλικῶνος
1035 3369 1090 3436 ὑπὸ
1106 3371 1231 3448 ζαθέοιο.

295 3510 372 3590 quod
388 3509 476 3570 etiam
492 3509 661 3588 patrimonii
677 3511 803 3589 partitio,
818 3519 900 3590 patre
916 3517 1042 3583 mortuo,
1058 3509 1196 3569 affirmat.
1228 3508 1329 3585 ltaque
1341 3503 1513 3583 scrupulum

294 3595 415 3675 praebet
430 3615 483 3656 vor
499 3596 649 3678 πενίηίι.
662 3593 733 3659 638.
765 3595 846 3656 Conf.
864 3596 949 3656 etiam
963 3595 1028 3656 Cor.
1044 3595 1075 3655 in
1087 3594 1221 3672 Aethiop.
1236 3593 1272 3653 H.
1288 3611 1314 3670 p.
1327 3589 1421 3666 210),
1439 3605 1515 3666 quae

294 3680 343 3741 hic
357 3687 560 3759 paupertatem
576 3679 723 3758 significat
742 3699 797 3740 nec
812 3688 986 3758 egestatem,
1013 3687 1045 3740 ut
1059 3678 1254 3756 Goetttingius
1275 3675 1381 3754 aliique
1403 3672 1512 3740 volunt,

295 3765 375 3847 sicut¹
387 3764 599 3844 Aristophanes
615 3764 658 3841 (in
673 3765 748 3826 Plut.
763 3784 808 3825 vr.
824 3763 895 3826 552.
911 3784 993 3844 seqq.
1009 3765 1054 3826 ed.
1070 3764 1190 3841 Bergk.)
1207 3763 1305 3824 docet:

450 3888 563 3966 πτωχοῦ
576 3882 625 3965 μέν
640 3881 694 3967 γάρ
711 3885 783 3967 βάις,
807 3881 839 3948 ὃν
853 3880 887 3947 σι)
902 3885 999 3966 λίγεις,
1015 3883 1061 3964 ζῆν
1077 3881 1151 3944 ἔστιν
1166 3876 1248 3963 μηδὲν
1264 3877 1374 3960 ἔχοντα·

452 3973 501 4032 τοι]
517 3965 546 4032 δέ
560 3972 676 4050 πένητος
693 3971 739 4050 ζῆν
754 3967 914 4052 φειδόμενον
929 3964 976 4030 καί
991 3977 1049 4037 τοῖς
1065 3965 1151 4048 ἔργοις
1166 3966 1351 4046 προσέχοντα,

451 4055 658 4136 περιγίγνεσθαι
673 4053 707 4118 δι’
726 4053 803 4131 αὐτῷ
817 4047 913 4134 μηδὲν,
928 4051 965 4134 με)
978 4050 1071 4132 μέντοι
1084 4049 1147 4132 μηδ’
1166 4049 1317 4114 ἐπιλείπειν.

381 4191 418 4250 At
432 4189 555 4250 Procius
572 4188 759 4250 commendat
774 4187 872 4248 adhuc
894 4188 931 4261 (v.
948 4185 1046 4264 635.);
1067 4183 1187 4266 Ἔφορος
1204 4182 1238 4243 δέ
1251 4201 1318 4260 φησι
1336 4181 1436 4281 τρίτην
1451 4171 1513 4248 (τὸν

297 4276 418 4356 πατέρα)
434 4274 473 4346 είς
481 4271 605 4356 ’Ἇσνρην
616 4270 710 4337 ε’λθελν
724 4272 756 4336 οίι
771 4271 806 4334 δι’
825 4271 968 4354 ἐμπορίαν,
985 4270 1058 4335 ἀλλὰ
1072 4269 1160 4350 φόνον
1175 4262 1302 4348 έμφάλιον
1317 4262 1513 4356 ἐργασάμενον.

298 4360 370 4419 Cum
397 4359 505 4439 quibus
532 4360 700 4419 conseratur
726 4357 814 4418 etiam
842 4356 968 4436 Veiiejus
995 4353 1168 4416 Paterentus
1196 4348 1276 4426 (hist.
1302 4347 1385 4443 Rom.
1407 4346 1462 4442 tib.
1490 4345 1512 4404 i.

298 4463 323 4504 c.
339 4445 399 4504 VH.
418 4445 474 4521 l.):
491 4444 540 4523 qui
557 4442 690 4522 (Hesiodi
706 4443 799 4520 pater)
816 4440 924 4515 vitavit,
940 4461 978 4502 nc
993 4439 1024 4500 in
1039 4438 1078 4510 id,
1094 4434 1171 4513 quod
1185 4435 1340 4506 Homerus,
1355 4432 1512 4492 incideret:

297 4527 481 4608 patriamque
505 4538 534 4590 et
553 4535 691 4608 parentes
715 4533 840 4586 testatus
858 4534 918 4602 σοις
941 4523 994 4586 sed
1012 4520 1150 4602 patriam,
1176 4520 1244 4600 quia
1264 4518 1404 4594 multatus
1424 4515 1459 4576 ab
1479 4529 1514 4572 en
