3326 5308
874 439 917 506 32

790 535 991 548 ———.-—.

228 630 253 728 ⁵,
281 655 443 736 respiciunt
463 641 640 719 Plutarchus
660 657 1074 740 (inconv.0uaest.1X.H.
1093 665 1138 745 3.)
1158 675 1188 730 et
1202 668 1350 732 Larianus
1372 673 1414 750 (in
1430 673 1498 736 Nar.

282 739 650 822 rmfflTfflpffi)

366 827 474 888 Versus
488 824 567 888 451:

482 945 593 1010 δεικνύει
606 946 755 1032 ὀμβρηροῦ·
771 953 885 1035 κραδάρν
900 953 924 1016 d’
941 953 1015 1022 ἔδακ’
1033 955 1134 1040 ἀνδρὸς
1150 957 1284 1041 ἀβούτεω,

279 1091 428 1164 postrema
450 1081 572 1162 respicit
595 1084 768 1147 Eustathins
792 1089 840 1166 (ad
865 1089 896 1151 ΙΙ.
920 1110 948 1169 p.
976 1091 1025 1155 71.
1048 1092 1120 1173 ll..)
1163 1094 1342 1156 Hesiodeam
1364 1096 1497 1174 phrasin:

278 1171 422 1252 κραδίην
444 1165 468 1232 d’
490 1167 579 1232 ἔδακ’
607 1168 734 1253 ἀνδρὸς
756 1173 910 1269 ἀβούτεω
936 1176 1100 1239 aemulatus
1124 1186 1169 1238 est
1190 1178 1389 1240 Simonides
1382 1199 1411 1241 rn
1431 1180 1497 1262 Epi-

279 1262 440 1333 grammate
464 1251 500 1312 de
525 1254 605 1326 nive,
630 1255 708 1335 quod
731 1259 858 1318 servavit
877 1260 1046 1322 Athenaeus
1062 1261 1125 1338 (111
1146 1261 1225 1338 99.:)
1249 1263 1382 1350 ἀνδρῶν
1403 1263 1459 1329 d’
1444 1291 1498 1348 αχ-

277 1341 403 1406 λαίνων
424 1339 524 1402 traxe
545 1341 672 1422 φρένας
696 1339 787 1420 (apud
804 1342 963 1424 Lennep
956 1365 985 1406 in
1007 1366 1082 1407 corn.
1104 1347 1185 1409 adh.
1201 1351 1251 1425 ν..)
1297 1353 1333 1412 At
1356 1369 1391 1410 ex
1412 1369 1499 1410 versu

278 1432 419 1506 sequente
432 1421 510 1486 452
782 1455 785 1466 ·

529 1539 583 1626 ὃν)
598 1541 661 1606 τότε
674 1545 783 1627 χορτάζ
780 1571 818 1611 αν
765 1545 927 1621 ζὲλικας
939 1553 1006 1632 βούς
1021 1548 1142 1615 otest
1113 1576 1224 1624 κοντας,

279 1682 377 1744 ioenrn
393 1679 532 1761 κραδίην
547 1676 598 1742 β’
583 1679 669 1744 adar
692 1680 828 1790 ἀνδρὸς
836 1679 988 1767 ἀβούτεω
1007 1705 1066 1747 non
1082 1696 1161 1748 reete
1175 1687 1333 1766 tegendum
1349 1708 1414 1750 esse
1430 1708 1501 1749 eon-

272 1767 397 1848 jieeres3
414 1773 493 1826 certe
509 1763 660 1849 ἀβσύλεω
675 1785 728 1845 pro
743 1767 897 1850 ἀβούτεω
912 1769 1069 1830 dicendum
1087 1789 1153 1832 esse
1169 1782 1371 1868 exspectares;
1387 1773 1501 1835 scilieet

278 1853 377 1913 dolent
392 1849 565 1921 inconsulti,
590 1869 680 1928 quum
701 1851 798 1910 hierna
814 1852 955 1927 pabulum
977 1854 1072 1912 bobus
1093 1855 1292 1913 necessarium
1314 1857 1344 1913 in
1367 1866 1499 1934 tempore

278 1957 337 1998 non
354 1934 572 2016 prospexerint3
592 1933 671 2010 quod
686 1951 722 1990 ex
738 1932 850 1991 desidia
866 1933 967 1993 oritur
1005 1934 1038 1994 ld
1055 1933 1164 2024 optirpe
1181 1953 1247 1994 curn
1268 1944 1372 2013 poetae
1388 1956 1497 2016 propo-

277 2023 334 2081 sito
350 2017 498 2087 eonvenit;
514 2015 543 2075 id
561 2015 647 2075 etiam
664 2034 698 2075 ex
714 2015 849 2077 versibus
865 2015 936 2080 606.
953 2016 1029 2081 607:

520 2131 620 2238 χόρτον
635 2132 683 2197 6⁵
668 2135 812 2239 εσκομίσαι
826 2131 872 2200 urii
887 2133 1037 2220 σορφετάν,
1058 2137 1162 2247 ὄφρα
1150 2163 1192 2202 τοι
1206 2136 1245 2221 εἴη

520 2215 614 2304 βουσὶν
629 2215 677 2286 uoti
689 2219 837 2304 ἦμαννοισον
854 2221 1017 2304 ἐπηετανόν
1039 2222 1130 2304 αύτάρ
1146 2224 1251 2300 ἔπειτα,

275 2357 478 2420 concluderes
526 2357 711 2418 Praeterea
705 2376 735 2420 nr
759 2359 888 2422 eundem
913 2377 1033 2420 sensum
1061 2359 1148 2420 etiarn
1175 2357 1352 2420 vocabulum
1377 2361 1498 2442 μελέτη

275 2453 314 2516 (ν.
329 2443 450 2523 4575)
451 2440 677 2503 uadrat.Na1n
694 2441 783 2503 merita
800 2443 968 2504 desidiosus
989 2444 1086 2504 animo
1107 2463 1161 2506 suo
1177 2443 1343 2515 substituit,
1365 2451 1398 2504 nt
1417 2451 1497 2505 recte

276 2530 400 2590 Procius
417 2463 457 2610 (v.
473 2521 561 2609 455.)
587 2526 640 2585 ait:
663 2523 743 2608 ὁμὲν
724 2528 862 2633 φρένας
878 2527 992 2610 ἀφνειός
1006 2529 1091 2603 ἐστιν,
1115 2525 1147 2601 ὃς
1161 2529 1210 2594 aaa
1229 2526 1268 2593 ἀν
1283 2525 1412 2635 sinopae,
1434 2539 1498 2601 ταῖς

274 2614 375 2721 ioanni
388 2611 559 2708 φαντασίαις
577 2619 641 2684 ταῖς
655 2621 748 2683 κεναῖς
762 2636 850 2676 οιεταν
863 2611 976 2676 εἶναι
946 2631 1075 2693 ωασρος
1096 2611 1137 2678 διὸ
1152 2611 1200 2678 καὶ
1212 2613 1309 2696 νήττας
1323 2613 1445 2696 οἰόμενος
1457 2611 1495 2677 τά

273 2697 310 2782 μὴ
325 2695 403 2764 ὄντα.
441 2695 496 2758 Hie
515 2695 605 2776 igitur
622 2695 734 2756 talis
709 2715 752 2756 vir
771 2698 911 2770 retertur,
938 2717 1057 2760 currum
1081 2716 1226 2778 quaerens
1250 2699 1347 2759 hierna
1371 2699 1495 2777 ideoque

274 2778 627 2881 φρέναςάφνειύςων.
652 2780 716 2842 Sed
733 2781 819 2843 etiam
837 2802 956 2856 eunus,
978 2791 1136 2864 antequam
1157 2785 1341 2858 currusfiat,
1364 2783 1494 2844 lahorem

156 2875 159 2881 '
275 2868 412 2948 requirit,
428 2877 462 2929 ut
477 2886 580 2928 versus
595 2865 667 2930 457.
684 2867 771 2946 plane
787 2867 887 2929 docet:

550 3012 607 3051 των
621 2986 749 3069 πρόσθεν
763 2987 908 3070 puie'rna'
894 2989 986 3071 κχύμεν
1001 2988 1092 3071 οἰκήϊα
1105 2987 1225 3053 θέσθαι.

274 3123 352 3187 Looo
368 3131 465 3184 autern
480 3124 609 3218 φρένας
624 3121 767 3204 ἀφνειὸς
783 3119 823 3206 (v
832 3119 945 3206 455.)
938 3123 1031 3183 ironia
1044 3121 1205 3199 exponitur,
1223 3138 1298 3199 quae
1309 3119 1415 3181 clarior
1430 3120 1496 3197 erit,

274 3209 298 3270 si
315 3228 432 3270 versum
447 3207 519 3270 455.
536 3207 579 3268 sie
593 3206 687 3284 legas:

510 3350 578 3408 φησι
574 3321 652 3386 θ
635 3321 705 3404 ανὴρ
719 3324 824 3406 operar
839 3322 952 3408 ἀφνειὸς
965 3322 1117 3405 πήξασθαι
1131 3320 1257 3406 ἅμαξαν·

274 3465 291 3524 i.
309 3483 334 3523 e.
351 3460 535 3522 inconsultus
550 3459 599 3520 ille
614 3458 657 3518 vir
673 3466 739 3520 cett.
773 3459 854 3520 Talis
871 3479 939 3520 vero
954 3459 1140 3521 inconsultus
1155 3461 1244 3522 bomo
1260 3459 1431 3540 depingitur
1445 3460 1494 3523 hie

274 3551 394 3621 Perses;
419 3565 487 3608 nam
504 3552 636 3606 versatus
657 3544 687 3604 in
703 3544 815 3605 desidia
831 3543 1005 3624 lapsusque,
1029 3546 1151 3642 profuso
1166 3544 1356 3642 patrimonio,
1380 3546 1410 3606 in
1427 3565 1495 3626 ege-

274 3641 380 3699 statem
401 3632 478 3711 apud
499 3633 620 3691 fratrem
636 3629 783 3709 refugium
800 3630 977 3704 somniabat,
1002 3631 1049 3692 oui
1068 3631 1174 3692 iteruin
1195 3639 1282 3710 atque
1302 3631 1408 3692 iterum
1431 3649 1492 3692 mo-
1555 3647 1558 3654 ’

274 3717 454 3780 lestuserat
493 3715 600 3776 Verba:
620 3677 997 3798 Βύσθὸςκαὶάμαξάν
1019 3711 1058 3799 (v.
1075 3711 1180 3801 453.‚)
1201 3723 1243 3776 et:
1260 3716 1490 3818 Πάραβέρ)α

272 3798 455 3909 βόεσσι(κ.
431 3796 581 3885 κ454.,)
598 3801 760 3907 prpverhia
780 3810 862 3874 suut,
886 3821 961 3881 quae
981 3809 1061 3862 reate
1080 3802 1204 3863 Proetus
1224 3799 1390 3904 explicavit:
1411 3824 1491 3864 κανο

273 3887 428 3952 Λάκων
402 3914 451 3991 την
471 3891 552 3992 κυνῆν
572 3885 744 3968 αἰτούμενος,
766 3889 850 3953 εἰπεῖν
865 3887 973 3988 λέγεται
990 3885 1062 3990 πρὸς
1075 3884 1124 3951 τάν
1139 3888 1286 3951 αἰτοῦντα·
1309 3887 1335 3951 εἰ
1350 3882 1411 3986 μὲν
1417 3884 1493 3948 notia

273 3973 353 4037 ἔσται
371 3969 419 4036 καὶ
439 3967 484 4037 σοὶ
498 3968 648 4077 ἄχρηστος·
672 3999 696 4036 et
691 3970 740 4036 ’δὲ
749 3999 871 4078 χαμφν,
889 3968 936 4036 καὶ
955 3967 1016 4053 ἐμοὶ
1033 3971 1191 4076 χρὴσφκος.
1207 3968 1270 4035 Καὶ
1270 3963 1412 4075 γὰρκαὶ
1431 3964 1494 4049 περὶ

273 4061 331 4122 τῶν
337 4057 449 4161 βσονν’
434 4066 492 4138 τρεῖ
498 4055 601 4162 vepria
615 4083 632 4121 ο
621 4055 785 4139 αἰτηθεις·
801 4057 827 4121 εἰ
838 4053 887 4138 μὲν
901 4055 1048 4164 piperataria
1061 4083 1111 4122 τοο
1122 4055 1216 4138 ἀροῦν,
1231 4052 1278 4120 aori
1289 4050 1333 4117 noi
1331 4049 1491 4160 ἀφρηστοι

273 4169 297 4206 τι
292 4137 346 4206 da
365 4169 473 4225 καιρος
497 4167 544 4206 και
564 4167 622 4223 epos
641 4167 772 4226 χρησιμοι
811 4141 956 4202 Etiamt‘
942 4167 1063 4207 σκατον
1085 4144 1123 4206 de
1141 4167 1177 4205 τε
1198 4137 1339 4221 tovana
1362 4137 1491 4234 αμάξης

274 4223 314 4310 (v.
331 4223 419 4312 456)
439 4245 508 4306 pars
529 4227 675 4306 proverbii
696 4235 750 4288 est
792 4227 851 4288 Sed
872 4234 971 4288 utrum
992 4235 1086 4290 aetate
1106 4224 1257 4289 Hesiodi
1250 4243 1281 4284 in
1304 4221 1490 4302 proverbium

274 4311 379 4374 abierit
399 4320 431 4374 ut
446 4312 616 4392 Lennepius
632 4313 759 4374 affirmat
779 4307 824 4394 (in
840 4329 914 4372 eom
932 4312 967 4372 ad
983 4313 1012 4372 5
1029 4311 1085 4394 v.)
1105 4331 1143 4373 an
1157 4311 1254 4390 prius,
1275 4328 1333 4370 non
1349 4307 1493 4370 definien-

274 4397 345 4458 dum
368 4404 423 4458 est.
468 4397 559 4458 Nobis
584 4416 652 4460 vero
673 4397 804 4477 placent,
829 4414 904 4475 quae
925 4397 1120 4476 Goettlingins
1145 4391 1245 4478 (adh.
1262 4391 1304 4480 v.)
1328 4395 1427 4454 docet:
1449 4395 1494 4452 nic

273 4503 372 4542 νονοαο
387 4487 491 4544 multra
506 4493 569 4545 erat
582 4485 613 4544 in
628 4504 678 4543 ore
692 4485 876 4559 antiquorum
892 4483 981 4561 (coni.
997 4481 1135 4543 Platon'
1127 4499 1158 4540 in
1173 4479 1293 4542 Theaet
1310 4497 1338 4556 p.
1355 4473 1428 4540 207.
1443 4478 1491 4546 Α.;

274 4565 407 4630 Galen.
400 4587 430 4630 in
452 4567 591 4649 Hippoor
616 4567 653 4630 de
677 4566 741 4630 Nat.
764 4566 850 4630 Hom.
875 4566 908 4627 T
930 4567 988 4628 XV.
1012 4584 1041 4648 p.
1067 4563 1136 4630 103.
1157 4565 1287 4640 Kuehnr
1310 4561 1431 4678 Etpmpl.
1452 4557 1489 4618 Μ
