3336 5300
853 363 896 430 24

773 462 971 474 —n———-.

264 587 390 650 retertur
412 586 578 666 legiturque
602 584 679 667 apud
703 586 863 650 Diodorum
888 589 1020 652 Siculum
1040 589 1085 670 (V.
1102 588 1180 669 32.):
1207 592 1245 659 eoi
1260 593 1291 659 δὲ
1303 597 1405 666 παιδία
1418 597 1482 680 παρ’

265 671 360 746 αι’ποῖς
379 672 409 736 εἰι
429 675 538 756 γενετῆς
554 669 675 754 ὑπάρχει
693 671 778 738 πολιοὶ
798 672 921 739 κατὰτὸ
936 681 1065 740 πλεῖστον
1088 675 1178 756 (conl.
1195 678 1282 741 etiam
1297 681 1432 744 Eustalh.
1448 684 1483 745 ad

265 757 298 818 ll.
314 775 341 835 p.
359 755 427 818 tol.
443 754 494 820 23.
515 757 594 836 apud
614 756 770 837 Goetssing.
791 759 828 818 arl
848 759 878 820 h.
895 762 942 837 n).
987 760 1048 822 Nec
1069 780 1128 822 nou
1147 764 1246 826 tabula
1266 766 1303 826 de
1324 767 1428 829 Granis
1444 767 1486 847 (in

265 841 375 920 Theop.
393 861 417 902 v.
434 839 504 904 271.
520 843 633 924 Γραίας
651 841 681 905 ἐκ
699 846 808 926 γενετῆς
826 841 940 928 πολιὰς)
964 865 1027 906 rem
1047 846 1111 908 lieri
1131 867 1220 927 posse
1236 851 1372 913 ostendit.
1402 854 1486 926 Quae

265 926 289 988 si
316 934 396 988 recte
422 945 454 988 se
478 925 648 1000 habuerint,
674 926 859 992 veraus181
885 949 953 990 cum
977 940 1120 1012 sequente
1147 936 1291 997 cohaeret.
1335 937 1486 1000 Sententia

168 1014 171 1018 ’
265 1011 368 1092 igitur,
385 1029 460 1092 quae
477 1031 512 1073 ex
526 1011 577 1072 illo
592 1012 741 1091 sequitur,
765 1014 838 1074 haec
854 1023 912 1076 est:
936 1020 1064 1094 quintum
1076 1039 1166 1096 penos
1181 1023 1222 1080 ita
1237 1034 1400 1100 corruptum
1415 1034 1485 1096 erat,

264 1107 296 1158 ut
303 1099 391 1176 pueri
404 1099 499 1171 statim
514 1119 533 1156 α
548 1099 697 1158 nativitate
712 1102 909 1174 canisuerint,
925 1104 943 1161 i.
959 1123 982 1163 ε.
999 1105 1127 1180 improbi.
1164 1105 1362 1189 Γεινόμενοι
1381 1107 1485 1188 hyper·-

198 1225 204 1248 ,
263 1181 359 1244 δολίαν
382 1180 431 1243 hic
454 1181 574 1256 dicitur,
600 1191 631 1242 ut
654 1192 733 1245 recte
756 1185 965 1265 Moschopulus
986 1187 1130 1262 observat.
1174 1189 1275 1269 ltaque
1298 1191 1485 1271 conjecturae

263 1267 434 1341 Hermanni,
452 1267 502 1346 qui
517 1267 645 1346 primum
662 1268 703 1346 (in
720 1269 847 1347 Opuscc.
864 1271 896 1330 Τ.
911 1271 957 1332 Vl.
972 1291 1000 1350 p.
1016 1269 1097 1348 169.)
1112 1275 1160 1333 nli
1178 1279 1377 1352 consenuerint
1394 1277 1485 1338 inter-

262 1359 393 1433 pretatus
409 1360 467 1426 est,
491 1351 597 1413 deinde
613 1353 676 1433 ipse
692 1372 723 1413 se
740 1353 775 1412 ab
796 1348 851 1414 hac
867 1355 1012 1416 sententia
1027 1358 1174 1419 revocavit
1196 1368 1226 1421 ct
1246 1379 1300 1439 pro
1318 1363 1485 1426 τελίθωσι

263 1437 352 1499 scribi
371 1437 462 1518 jussit
482 1441 646 1502 τελάνναι
666 1436 756 1517 (apud
781 1438 936 1518 Goettling.
958 1440 977 1503 l.
1001 1445 1048 1517 o),
1070 1442 1184 1502 admitti
1201 1454 1367 1526 nequeunt3
1389 1463 1483 1525 neque

262 1523 329 1584 illae
344 1523 459 1584 Lclrrsii
476 1523 505 1600 (l.
520 1522 538 1582 l.
554 1541 582 1600 p.
599 1520 697 1602 236),
720 1522 770 1602 qui
785 1526 887 1584 delebit
901 1546 1048 1603 nunqnam
1064 1526 1203 1605 explicuit
1218 1529 1306 1606 (conl.
1322 1531 1417 1591 Ranlr.
1432 1531 1450 1592 l.
1466 1531 1483 1592 l.

263 1627 291 1687 p.
307 1607 369 1683 37.)
393 1615 422 1668 et
442 1607 586 1686 Lennepii
608 1607 650 1683 (in
667 1627 740 1670 com.
763 1610 798 1669 ad
816 1610 844 1670 h.
863 1615 916 1683 n),
943 1611 992 1690 qui
1009 1612 1086 1672 hanc
1101 1630 1164 1672 rom
1185 1613 1228 1675 sic
1243 1615 1391 1695 exposuit:
1415 1627 1487 1676 certe

263 1697 391 1755 additum
406 1690 594 1775 γεινόμενοι
609 1697 739 1755 declarat
754 1717 842 1755 canos
856 1698 952 1755 statim
968 1719 987 1756 α
1003 1700 1152 1758 nativitate
1162 1710 1189 1759 et
1199 1702 1240 1761 sic
1255 1702 1347 1760 breuis
1362 1704 1486 1777 aeoisu·

263 1789 352 1851 turos,
375 1799 437 1838 curn
459 1779 577 1838 canities
595 1783 744 1840 senectutis
765 1783 801 1840 sit
815 1783 970 1858 judicium,
994 1794 1161 1842 senectutem
1176 1774 1270 1844 autein
1286 1789 1340 1844 cito
1354 1809 1432 1846 mors
1445 1807 1487 1846 se-

262 1874 378 1943 quatur.
423 1859 460 1924 nl
485 1863 573 1924 nimis
601 1863 792 1941 excogitatam
821 1861 997 1924 arbitramur
1017 1866 1184 1942 Goettlingii
1210 1867 1288 1926 hanc
1308 1869 1486 1930 sententiam

264 1948 293 2027 (l.
308 1950 359 2025 c.):
382 1970 468 2028 quum
483 1951 568 2006 carba
580 1949 706 2006 Diodori
719 1949 760 2005 sic
775 1948 929 2018 considero,
939 1967 1035 2022 paene
1050 1951 1186 2020 οάιίασον,
1201 1959 1232 2008 ut
1238 1954 1359 2023 sarnam
1373 1954 1487 2030 antiqui

263 2037 375 2094 oraculi
397 2053 564 2111 αραοεοακι,
588 2052 643 2108 quo
662 2033 802 2109 inpentern
820 2032 1003 2090 mutationem
1025 2052 1118 2090 aarum
1133 2035 1252 2106 facturn
1272 2036 1310 2092 iri
1330 2037 1484 2109 dicebamr,

263 2138 348 2196 quum
368 2136 438 2196 pens
459 2118 540 2174 εαιιίε
555 2117 669 2191 capillis
691 2117 818 2187 irruerat,
841 2117 1006 2192 qnalisfuit
1019 2119 1099 2175 natio
1117 2116 1278 2191 Gallorum,
1294 2141 1369 2196 quae
1384 2131 1410 2179 et
1424 2124 1484 2182 no·

261 2223 363 2262 manos
377 2209 405 2260 et
421 2201 548 2262 Θναεοοε
563 2201 671 2279 inqenti
684 2208 792 2259 terrore
803 2202 926 2276 perculit
948 2211 974 2259 et
983 2221 1080 2279 paene
1095 2204 1205 2260 delevit.
1236 2204 1327 2280 Atque
1342 2208 1401 2263 tale
1416 2225 1482 2264 ονο-

263 2290 356 2347 eaelum
374 2308 433 2365 pro
455 2306 487 2346 ra
501 2307 554 2346 sua
573 2288 751 2346 immutatum
766 2287 994 2346 commemoravit
1010 2286 1203 2348 Callimachus
1218 2289 1285 2346 Del.
1302 2291 1366 2346 171.
1383 2309 1419 2347 ex
1434 2309 1484 2348 ore

258 2366 404 2450 Apollinis
429 2373 533 2449 ipsius:
564 2369 695 2434 Kainai
719 2395 804 2435 ποτε
829 2368 927 2445 ξννός
951 2396 1003 2442 τις
1027 2369 1203 2435 ἐλεύσεται
1227 2368 1329 2452 ἄμμιν
1355 2368 1485 2442 ἄεθλος

257 2453 429 2522 ’Τστατον
451 2453 573 2519 ὁππότ’
599 2451 643 2518 ἀν
663 2455 693 2518 οἱ
709 2451 770 2535 μὲν
790 2453 840 2536 ἐφ’
859 2453 1051 2536 ‘attiniaci
1070 2456 1242 2538 μάχαιραν
1261 2453 1485 2539 Βαρβαρικὴν

262 2538 319 2604 καὶ
334 2537 466 2605 Κελτὸν
489 2538 750 2620 ἀναστήσαντες
768 2536 875 2621 Ἅρηα
895 2539 1071 2622 Ὀψίγονον
1097 2544 1238 2621 Τιτῆνες
1259 2539 1316 2622 ἀφ’
1341 2540 1484 2621 ἕσπίρον

262 2622 500 2707 ἒσχατόωντος
518 2621 714 2697 Ῥώσονναι,
739 2623 939 2706 νιφάδεσσιν
961 2622 1117 2697 ἐοικότες.
1161 2628 1225 2685 Hoc
1240 2635 1334 2685 autam
1349 2628 1485 2685 siverunt

260 2721 309 2784 est,
324 2731 382 2770 non
398 2711 470 2770 adeo
485 2712 606 2788 antiqua
620 2711 760 2769 videbitur
772 2711 842 2769 haec
857 2712 994 2770 concinis
1004 2732 1091 2787 pars,
1106 2715 1152 2770 ael
1165 2715 1267 2770 saltem
1281 2732 1308 2769 ν.
1325 2714 1393 2769 180.
1410 2714 1484 2782 181.,

260 2797 361 2876 quibus
380 2798 522 2868 commode
541 2797 586 2854 llic
604 2796 769 2854 carebimus.
813 2795 897 2867 Quae
917 2794 941 2855 si
960 2805 1040 2856 recta
1061 2794 1206 2874 disputata
1228 2789 1351 2868 suerint,
1374 2811 1479 2855 versus

262 2877 456 2945 180-182.
472 2879 516 2940 sic
530 2878 680 2940 scribendi
696 2888 777 2940 sunt:

463 2997 535 3071 Ζεὺς
551 2995 574 3060 δ’
592 2998 682 3064 ὀλέσει
696 2995 743 3062 καὶ
757 3001 841 3063 τοῦτο
855 2999 932 3080 γένος
946 2997 1075 3082 μερόπων
1091 2996 1263 3077 ἀνθρώπων.

464 3077 528 3148 Eli
547 3080 584 3165 ἀρ
598 3081 744 3167 γεινόμενοι
757 3082 976 3166 πολιοκρόταφοι
989 3083 1164 3170 τελέθουσιν,

464 3165 526 3233 οὐδὲ
540 3166 633 3252 πατὴρ
648 3170 792 3232 παίδεσσιν
807 3165 926 3248 ὁμοίιος,
941 3166 1008 3231 illl
1017 3191 1042 3230 n
1057 3170 1163 3239 παῖδες.
1247 3177 1253 3190 ’

261 3307 386 3368 Versum
403 3301 473 3367 181.
490 3301 568 3375 citat,
584 3309 617 3362 ut
631 3301 821 3375 Hesiodeum,
837 3300 981 3370 Aristides
996 3300 1041 3378 (Τ.
1056 3301 1079 3362 l.
1095 3320 1123 3380 p.
1139 3297 1211 3364 369.
1227 3300 1336 3384 διεδ).

347 3389 473 3462 Fabula,
497 3405 572 3467 quae
594 3385 625 3448 in
648 3384 783 3447 versibus
804 3382 984 3448 202-211
1006 3385 1044 3446 de
1063 3383 1203 3465 accipitre
1221 3394 1250 3449 ot
1271 3387 1397 3450 luscinia
1412 3408 1483 3451 oon—

262 3473 384 3547 tinetur,
408 3471 599 3552 sagacissime
615 3471 692 3533 diota
709 3479 753 3531 est
772 3478 840 3549 post
854 3469 934 3531 illam
949 3470 1169 3545 Prometheam;
1198 3473 1273 3533 haec
1288 3472 1367 3533 enirn
1384 3473 1482 3534 fratris

261 3557 436 3640 injustitiam
459 3556 669 3636 avaritiamque
688 3554 839 3635 aptissime
859 3554 1003 3635 depingit,
1027 3555 1076 3617 illa
1091 3564 1167 3618 tecte
1187 3575 1272 3637 roges
1287 3557 1348 3618 sive
1364 3557 1485 3639 judices

263 3641 303 3728 (v.
319 3641 386 3727 38.)
402 3662 456 3722 per
473 3639 547 3724 ίρηξ
566 3641 747 3720 significatos
771 3649 914 3702 memorat
935 3640 1074 3723 litemque
1095 3649 1226 3716 revocat,
1249 3641 1314 3722 ipso
1328 3651 1413 3721 poeta
1428 3659 1479 3720 per

263 3729 393 3812 ἀηδόνα
418 3727 532 3788 occulte
560 3726 709 3787 intellecto
738 3721 828 3810 (conl.
851 3726 1038 3806 Anonymum
1063 3727 1276 3789 Scholiastaru:
1313 3731 1406 3799 καλοῖς
1425 3722 1477 3807 γὰρ

262 3813 362 3882 ἑαυτὸν
377 3811 473 3896 ἀηδόνα
487 3811 634 3876 ἀπείκασε·
662 3809 794 3893 μουσικόν
808 3810 863 3894 γὰρ
877 3809 909 3876 τὸ
924 3809 1031 3893 ὄρνεον·
1063 3809 1190 3886 καὶτοὺς
1203 3810 1301 3894 κριτάς
1314 3813 1424 3895 ἱέρακας
1437 3805 1477 3881 ὡς·

263 3897 436 3982 ἀρπακτοίς·
459 3906 501 3957 et:
525 3890 683 3978 πρόςκειται
702 3893 732 3961 δὲ
750 3893 798 3960 καὶ
816 3894 849 3960 τὸ
868 3895 963 3960 ἀοιδόν
983 3893 1062 3980 (περ)
1083 3895 1184 3962 ἐοῦσαν
1208 3896 1245 3975 (v.
1264 3895 1349 3972 208.)
1373 3891 1418 3957 διὰ
1443 3892 1476 3959 τὸ

263 3982 388 4068 ἄγεσθαι
401 3980 449 4048 τὸν
462 3979 607 4057 Ἡσίοδον,
627 3980 823 4063 ἐνδεικνύμενον
843 3979 876 4045 τὸ
891 3979 962 4062 ἱερὸν
976 3984 1033 4046 τοῖν
1049 3986 1174 4047 Μουσῶν
1189 3981 1401 4066 ἀναγκάζεσθαι
1419 3988 1479 4052 τοῖς

261 4069 418 4152 βασιλεῦσιν
433 4065 572 4132 ἀδικοῦσιν
585 4062 684 4143 νίκαν).
727 4066 802 4128 Nam
818 4065 938 4144 regibus
953 4065 1036 4145 juxta
1051 4067 1132 4146 leges
1146 4085 1209 4128 rem
1225 4067 1364 4146 privatam
1380 4071 1480 4125 custo-

263 4153 426 4226 dientibus,
445 4170 542 4232 neque
557 4151 644 4213 donis
658 4151 800 4231 acceptis,
823 4153 932 4214 Persae
947 4151 1039 4214 otiose
1053 4153 1151 4234 rivere
1166 4151 1285 4215 minima
1300 4147 1411 4224 liceret,
1427 4168 1479 4210 ne·

263 4258 320 4318 que
335 4256 453 4317 operam
468 4235 559 4299 rebus
575 4255 682 4299 navare
698 4236 809 4298 alienis
852 4237 894 4298 lle
914 4255 986 4298 voce
1008 4237 1139 4319 ἀηδόνα
1162 4237 1285 4298 muttum
1302 4233 1477 4314 disputatur,

262 4322 288 4384 si
308 4321 493 4401 Lcnnepium
514 4316 558 4406 (in
575 4341 650 4383 corn.
666 4322 748 4383 adh.
765 4324 804 4399 v.)
824 4321 941 4383 audias:
971 4333 1003 4385 at
1023 4345 1113 4402 neque
1128 4333 1232 4384 εαεαικ
1245 4331 1286 4382 est
1300 4321 1337 4381 αδ
1352 4322 1479 4381 Hesiodo

257 4429 315 4486 μεν
335 4406 461 4489 ἀηδόνα
482 4409 563 4469 nolis
577 4412 662 4487 ναῑηο
676 4418 774 4470 notam
788 4410 939 4468 lusciniam
952 4410 1117 4488 siqnificari,
1133 4429 1197 4467 cam
1209 4408 1375 4469 reeennorss
1393 4406 1478 4467 Orni-

262 4495 369 4575 tltoloai
381 4494 418 4554 ab
440 4496 508 4570 lico,
529 4495 607 4555 dicta
621 4494 691 4573 κ’ρείι
704 4496 798 4574 sylvia
813 4495 950 4568 luscinia,
972 4495 1150 4573 distinpuant
1162 4496 1285 4570 sylviam
1292 4491 1478 4570 plilornelam
