3326 5308
788 415 946 510 ..-qu
965 503 971 508 ,

267 629 378 736 φανὸν
396 647 607 712 proponemus,
631 631 720 712 idque
735 651 794 696 oon
810 637 874 699 sine
889 637 1111 716 probabilitate,
1134 642 1202 722 quie
1217 643 1383 712 llerourius
1398 653 1477 716 etium

265 715 457 798 υπνοθόνηι·
476 718 538 777 sire
554 712 661 782 durau
679 719 874 803 προστάτης
892 722 948 784 tuit
967 731 996 784 et
1017 743 1052 784 ex
1067 725 1210 789 arbitratu
1225 747 1278 790 suo
1298 735 1404 797 oculos
1418 737 1478 798 dor

267 801 421 863 mientium
449 799 579 863 caduceo
607 809 731 880 tangens
761 806 874 883 aperuit
896 807 988 884 (cont.
1012 808 1115 869 lucebi
1138 811 1409 880 llundwtirterhuch
1434 821 1483 882 der

268 885 376 966 griech.
392 884 452 946 und
469 885 607 946 romisoh.
623 885 797 968 ilythologie
812 908 839 969 p.
857 889 956 964 439.).·

350 971 392 1032 lle
407 969 542 1030 versibus
556 969 606 1033 93.
622 979 650 1030 et
665 969 715 1035 99.
731 973 855 1036 multum
871 975 1007 1037 laborent
1021 977 1206 1058 interpretes.
1259 987 1360 1046 Verria
1374 991 1431 1047 93:

521 1087 599 1170 αἶψα
614 1085 667 1171 γάρ
683 1089 711 1153 ἐν
725 1092 856 1175 κακότητι
869 1091 962 1177 βροτοὶ
977 1095 1229 1179 καταγηράσκυυσι,

265 1217 307 1268 eet
319 1209 490 1306 Homericus
510 1204 584 1307 (0d3
597 1213 632 1270 T.
643 1204 728 1308 3όο.’
752 1209 830 1290 αἶψα
843 1209 898 1293 γάρ
912 1211 941 1276 ἐν
954 1213 1085 1298 κακότητι
1096 1212 1192 1298 βροτοὶ
1205 1221 1481 1300 καταγηράσκουσιν),

264 1313 346 1371 quern
365 1313 423 1350 noe
442 1311 503 1350 erne
521 1311 582 1352 cerr
599 1313 691 1370 rpecre
712 1303 851 1354 revectoun
870 1299 924 1356 Ιιασ
942 1301 1023 1360 dicae
1041 1299 1078 1359 ab
1098 1303 1207 1379 aliqua,
1228 1304 1278 1379 qui
1291 1311 1483 1380 praecedente

264 1397 349 1437 υινοιι
363 1377 466 1458 γῆρας
480 1379 597 1456 teperet.
622 1379 690 1438 Noa
700 1380 831 1454 apacecit
843 1398 957 1440 υενιαον
971 1385 1115 1460 Oripeaec,
1131 1406 1182 1444 aec
1196 1388 1351 1465 quidquam
1366 1394 1408 1449 ad
1420 1413 1481 1452 ειιοι

264 1462 384 1522 Hesiodi
403 1461 581 1521 scholiastae
602 1469 794 1534 annotarunt,
815 1459 966 1542 Lennepio
983 1463 1084 1544 judice
1107 1467 1150 1541 (in
1172 1487 1231 1528 ver.
1246 1470 1312 1531 lect.
1333 1474 1369 1533 ud
1386 1475 1414 1535 h.
1430 1476 1467 1556 v.)
1577 1507 1584 1516 ·

264 1544 376 1606 Similia
395 1543 480 1604 docet
499 1542 589 1604 etiam
608 1542 802 1624 Goettlingius
821 1547 869 1624 (ad
886 1547 914 1608 h.
928 1550 983 1624 ui:
1015 1552 1117 1629 lepitur
1138 1553 1169 1611 ia
1190 1556 1285 1614 eodem
1304 1562 1411 1632 codice,
1433 1563 1480 1640 qui

262 1633 367 1713 γῆρας
387 1627 482 1700 dedet,
503 1636 589 1706 atque
610 1629 676 1688 inde
696 1631 727 1690 ι’νι
750 1633 955 1717 αλιοεὶηιιογυε
977 1636 1120 1714 miprauit.
1164 1641 1265 1714 Ipsum
1286 1660 1399 1702 aarum
1422 1666 1481 1704 non

261 1713 391 1792 aqnorcit
408 1711 557 1790 Θνίριαει,
580 1733 631 1773 νεα
650 1717 806 1794 quidquam
825 1721 867 1778 ad
885 1739 947 1780 eum
961 1722 1082 1781 Hesiodi
1095 1722 1273 1783 &torturae
1291 1735 1480 1788 annotarunt.

261 1795 489 1943 ldcircggrnieit
508 1815 576 1858 eum
590 1797 771 1870 Bruncltius,
794 1801 911 1860 uncinis
926 1803 1110 1863 incluserunt
1124 1807 1320 1866 recentiorum
1336 1810 1393 1869 alii.
1437 1813 1479 1872 lle

260 1897 347 1942 versu
412 1926 419 1941 ·
578 1961 700 2045 αι’χιόγου
713 1966 826 2046 βουλῇσι
840 1962 910 2035 Διὸς
923 1964 1148 2047 νεφεληγερέταο,

260 2085 333 2144 haec
343 2081 512 2161 Lennepius
528 2079 641 2158 (intur.
653 2079 719 2141 lect.
731 2080 808 2141 adh.
822 2081 860 2161 v.)
875 2081 1008 2161 praebet:
1031 2085 1110 2142 abac
1123 2103 1143 2144 υ
1158 2088 1327 2160 Plutarcho,
1346 2091 1477 2167 Ονὲηεπε,

260 2171 373 2241 Ρνοσῑο,
388 2167 494 2228 Laazii
510 2165 599 2225 doda.
614 2167 811 2227 lucrationis
825 2169 927 2242 mbae,
949 2169 1087 2228 Vaticano
1101 2187 1169 2228 ano.
1211 2171 1271 2228 Sed
1283 2174 1367 2252 ῖοννηι
1379 2179 1475 2249 major

258 2257 319 2330 ejece
336 2253 470 2313 Codicum
479 2271 555 2328 pare
567 2253 675 2330 meique
691 2272 786 2313 omnes
805 2273 867 2312 cum
883 2254 1018 2332 Stobaeo,
1038 2256 1148 2326 Tectae,
1164 2255 1350 2332 Moeehoputo
1362 2275 1473 2316 υετεαοι

259 2347 426 2419 apaoecuet.
455 2339 652 2396 Iadaeeadum
666 2341 775 2398 censuit
787 2340 925 2398 Heinsius
938 2336 1011 2401 uae'
1026 2335 1253 2420 Ἀρίσταρχον
1267 2340 1295 2398 λ.
1310 2359 1334 2398 e.
1347 2343 1384 2398 de
1397 2361 1476 2399 more

260 2423 433 2495 Aristarchi,
457 2425 535 2499 quod
551 2425 713 2481 adsentiens
728 2425 848 2482 Heinsio
867 2443 926 2482 aaa
941 2425 1014 2499 cepit
1030 2423 1183 2482 Grauius.
1226 2421 1345 2500 Expulit
1358 2441 1475 2484 versum

258 2508 437 2579 anclrius,
461 2505 577 2566 uncinis
598 2505 783 2566 incluserunt
802 2504 998 2577 Gaisfordius,
1021 2504 1191 2565 Dindortius
1211 2522 1278 2564 eum
1298 2506 1363 2566 aliis
1383 2507 1474 2585 (cont.

257 2593 353 2654 liunt.
371 2593 391 2655 l.
411 2589 432 2651 1.
446 2610 476 2670 p.
492 2590 536 2664 la
558 2589 714 2667 Goettling.
735 2588 771 2648 ad
792 2589 820 2648 h.
841 2609 882 2662 ας
904 2587 1051 2649 Vollbehr.
1074 2589 1093 2648 l.
1108 2589 1127 2648 l.
1145 2605 1175 2666 p.
1189 2586 1263 2664 29.).
1306 2590 1475 2670 Lennepius

258 2675 301 2755 (in
316 2696 392 2740 com.
407 2677 443 2742 ad
458 2678 489 2737 h.
504 2677 542 2750 v.)
558 2673 652 2734 addit:
679 2693 790 2734 υενσιινο
806 2677 855 2732 99.
879 2677 957 2752 quod
974 2675 1123 2752 ιἠποναεεε
1141 2676 1274 2734 uideatur
1288 2677 1473 2746 Plutarchus,

260 2763 405 2844 Οτίμεκεσ,
417 2763 549 2827 Procius,
565 2779 676 2818 οιουινε
690 2769 852 2836 corpoteet,
867 2769 899 2818 ut
908 2761 1000 2818 certus
1010 2760 1150 2818 invectum
1160 2761 1319 2818 credamur.
1344 2760 1476 2820 Ceterum

257 2849 288 2909 in
303 2870 335 2908 re
349 2869 434 2908 aerea
448 2847 556 2907 audita
571 2846 643 2904 altit
656 2845 783 2922 equidem
804 2847 898 2918 video,
917 2845 997 2922 quod
1013 2864 1075 2902 eum
1088 2853 1247 2922 ruopertum
1259 2845 1359 2903 matta
1365 2847 1475 2918 faciat.

263 2935 301 2995 Ut
320 2936 392 3012 Sper
410 2934 441 2991 ia
455 2930 615 3010 Epimetdei
633 2930 692 2989 eive
713 2930 856 2989 domiuum
870 2938 1011 3008 potestate
1030 2930 1248 3006 relinqueretur,
1272 2931 1386 2988 omnino
1408 2949 1475 2989 σοιν-

257 3019 354 3078 ueaire
371 3017 467 3095 potuit
483 3016 566 3075 Jove
589 3015 721 3092 canalio,
749 3034 808 3073 aaa
828 3023 887 3073 tam
905 3015 1004 3088 inserti
1025 3015 1056 3072 in
1075 3015 1348 3092 humanarumue,
1367 3024 1398 3072 ιιι
1416 3033 1475 3073 nou

257 3097 351 3164 οιαλιίε
364 3101 450 3162 malie
468 3101 610 3178 quaedam
628 3100 753 3158 inmixta
771 3100 847 3158 bona
862 3119 920 3157 eree
934 3101 1029 3169 vellet,
1049 3106 1100 3155 aut
1115 3099 1203 3172 Spem
1220 3097 1254 3154 iis
1274 3097 1422 3168 incideret,
1443 3101 1474 3160 in

255 3189 340 3248 malie
355 3187 585 3246 oblectamentum
600 3192 627 3240 et
640 3183 782 3241 calatium.
826 3180 918 3240 Nobis
934 3197 1002 3239 vero
1016 3186 1096 3239 recle
1111 3178 1226 3256 legendi
1242 3197 1308 3239 esse
1322 3181 1470 3255 videntur,

256 3269 280 3332 si
297 3289 347 3332 eos
362 3271 418 3331 hoc
432 3263 520 3327 modo
535 3263 681 3348 traiicias:

386 3405 394 3446 :
468 3379 533 3466 πρὶν
545 3379 595 3467 μὲν
609 3381 664 3466 γάρ
679 3381 798 3458 ζώεσκον
811 3379 857 3446 ἐπὶ
869 3378 955 3464 χθονὶ
969 3379 1034 3464 φῦλ’
1052 3379 1216 3464 ἀνθρώπων

387 3489 394 3531 :
467 3469 566 3551 νόσφιν·
580 3465 647 3551 ἀνερ
661 3492 692 3531 τε
705 3470 800 3530 κακῶν
813 3462 862 3530 καὶ
876 3464 943 3548 ἀτερ
955 3469 1090 3550 χαλεποῖο
1104 3463 1212 3539 πόνοιο,

314 3603 322 3616 .
384 3574 392 3615 :
466 3552 574 3618 νοόσοον
590 3551 613 3615 τ’
632 3551 788 3634 ἀργαλέων,
804 3549 838 3615 αἴ
848 3551 875 3614 τ’
893 3550 1012 3632 ἀνδράσι
1025 3554 1112 3632 κῆρας
1127 3550 1241 3614 ἔδωκαν·

316 3691 322 3702 .
385 3658 392 3699 :
468 3635 541 3701 ἀλλά
556 3635 620 3720 γυνὴ
633 3638 751 3718 χείρεσσι
764 3638 854 3700 πίθου
868 3638 939 3718 με’γα
952 3634 1029 3717 πῶμ’
1047 3634 1203 3716 ἀφελοῦσα,

384 3743 392 3784 t
467 3718 590 3804 αἰγιόχου
603 3723 716 3804 βουλῇσι
729 3718 800 3794 Διὸς
814 3719 1038 3803 νεφεληγερέταο,

312 3857 320 3870 .
383 3826 391 3868 :
465 3803 605 3870 tcudco’·
621 3803 800 3885 ἀνθρώποισι
814 3803 840 3866 d'
858 3804 981 3909 ε’μησατο
994 3803 1078 3888 κη’δεα
1091 3802 1187 3888 λυγρά·

312 3940 320 3956 .
381 3911 390 3952 :
464 3889 542 3972 αἶψα
556 3887 610 3972 γάρ
625 3888 654 3952 ἐν
667 3887 798 3970 κακότητι
809 3895 905 3972 βροτοι
918 3887 1166 3972 καταγηράσκουσι·

381 3996 389 4036 :
463 3973 548 4056 μοόνη
562 3973 588 4035 d'
607 3971 712 4038 αιίτόθι
722 3971 817 4046 Ἐλπὶς
832 3971 860 4036 ἐν
875 3973 1034 4058 ἀῤῥὴκτοισι
1048 3970 1168 4056 δόμοισιν

310 4023 320 4038 .
381 4080 389 4121 t
465 4058 543 4122 ἔνδον
557 4057 648 4139 ἔμιμνε
663 4059 753 4122 πίθου
766 4055 821 4123 ὑπὸ
835 4059 958 4141 χαλεσιν,
973 4053 1036 4123 οὐδὲ
1049 4059 1157 4144 θύραζε

310 4193 318 4207 .
381 4164 388 4206 :
464 4141 569 4225 ἐξέπτη·
585 4141 697 4224 πρόσθε
711 4139 765 4226 γάρ
780 4141 916 4228 ἕπε’μβαλε
931 4147 1018 4208 πώιιυι
1032 4145 1141 4208 πίθοιο·

392 4246 399 4291 :
464 4224 538 4290 ἄλλα
552 4223 583 4290 δὲ
595 4228 680 4309 μυριά
693 4225 780 4309 λυγρὰ
793 4228 860 4291 κατ’
878 4227 1050 4310 ἀνθρώπους
1065 4228 1211 4310 ἀλάληται.

331 4348 367 4408 ln
381 4344 514 4407 versibus
532 4341 714 4407 106-201.
730 4344 859 4426 quinque
879 4345 1033 4408 hominum
1048 4365 1157 4425 genera
1176 4346 1326 4417 teruntur,
1342 4359 1468 4422 quotum

248 4432 391 4505 ultimum,
407 4445 466 4511 quo
481 4429 544 4511 ipse
560 4439 644 4510 poeta
660 4429 801 4505 interfuit,
817 4431 949 4492 omnium
962 4431 1162 4493 deterrimum.
1188 4429 1223 4490 lrr
1235 4426 1469 4492 hecenerrendu

248 4516 345 4582 tabula
369 4516 428 4576 duo
450 4515 623 4594 praesertim
648 4522 790 4595 tanquam
814 4515 904 4590 tactu,
928 4517 980 4578 sed
1002 4516 1089 4591 longe
1108 4533 1125 4574 ε
1146 4533 1179 4575 se
1201 4514 1356 4594 disposita,
1379 4519 1466 4590 poeta
