3326 5308
776 409 815 476 41

191 645 281 721 (conl.
299 640 441 704 hluetnell.
463 639 481 699 l.
503 638 522 698 l.
542 657 571 716 p.
588 635 681 712 372.)
719 637 825 714 Itaque
848 649 945 712 neque
960 631 1112 712 Lennepio
1129 629 1172 711 (in
1193 635 1268 691 com.
1285 649 1328 690 vv.
1350 627 1413 692 646

192 727 322 804 -662),
338 745 434 806 neque
451 722 617 786 Vollbehrio
634 721 664 800 (l.
677 722 694 781 l.
710 741 738 800 p.
754 718 816 794 75.)
832 718 1027 789 assentimur,
1044 717 1094 796 qui
1111 716 1227 778 duobus
1243 715 1316 776 locis
1332 715 1412 794 apud

194 816 288 895 ipsum
304 812 498 874 Plutarchum
515 807 557 883 (in
574 827 657 869 conv.
675 807 756 885 Sept.
773 805 840 884 Sap.
859 825 882 864 c.
897 803 945 864 10.
961 821 989 882 p.
1005 801 1074 865 154.
1091 801 1165 863 etin
1182 803 1271 862 Conv.
1289 801 1411 873 Quaest.

194 903 225 960 V.
242 899 269 962 2.
284 918 311 976 p.
329 895 400 959 674.
418 896 492 974 seq.)
510 893 656 963 nituntur,
678 891 728 971 qui
750 891 785 950 ad
807 899 957 964 certamen
973 887 1092 948 Homeri
1117 897 1145 947 et
1161 885 1280 948 Hesiodi
1296 886 1327 946 in
1344 887 1412 946 Am-

193 981 389 1065 phidamantis
404 979 481 1041 ludis
498 977 672 1040 funebribus
693 985 834 1056 spectant.
873 974 946 1034 Nam
964 973 1104 1034 idoneum
1119 988 1298 1052 responsum
1313 980 1358 1032 est
1373 971 1412 1044 id,

193 1069 268 1150 quod
296 1067 359 1147 ipsc
382 1065 551 1143 Lennepius
575 1062 604 1138 (l.
630 1064 667 1138 ο.)
695 1061 779 1122 dicit:
801 1062 988 1138 posteriorem
1014 1062 1126 1136 quidem
1153 1063 1244 1118 locum
1268 1079 1327 1118 νιοκ
1353 1059 1414 1116 sine

183 1155 304 1231 fastidii
322 1153 527 1232 sipnificutione
547 1150 687 1225 exprimit.
725 1145 1026 1206 Animadvertendum
1053 1152 1098 1204 est
1119 1142 1309 1222 praesertim,
1335 1142 1412 1220 quod

193 1237 269 1318 apud
286 1237 425 1297 Proclum
442 1235 479 1294 de
495 1251 583 1294 versu
599 1231 674 1296 649:
1346 1261 1349 1266 -
1392 1315 1403 1328 .

467 1349 529 1416 οὔτε
543 1377 570 1416 τι
584 1349 722 1436 ναυτιλίης
736 1349 945 1434 σεσοφισμένος,
961 1345 1024 1413 οὔτε
1039 1371 1065 1412 τι
1079 1351 1153 1432 νηῶν

191 1492 311 1570 legitur:
336 1487 529 1570 σημαιοῦνιιιὸ
549 1489 643 1570 στίχος
658 1487 755 1560 αὐτός·
777 1483 862 1550 εἰπεὶν
884 1485 937 1568 γὰρ
957 1485 1026 1548 εἶναι
1046 1484 1161 1567 ἄπειρος
1175 1483 1330 1556 ναυτιλίας,
1352 1485 1414 1554 πῶς

192 1574 360 1642 ὑποτίθεται
376 1573 470 1658 αὐτὴν,
484 1575 526 1639 Εἰ
538 1573 579 1656 μὴ
591 1570 801 1656 ε’ἰςΕὗβοιαν
816 1574 855 1648 (ν.
872 1569 967 1647 oola,
984 1569 1033 1653 οὐχ
1047 1571 1157 1653 ἱμείρων
1171 1571 1221 1633 νοῦ
1235 1571 1307 1632 πλοῦ
1314 1595 1325 1641 ‚-
1355 1567 1413 1627 Sed

194 1679 260 1721 cum
277 1660 313 1720 iis
328 1659 498 1738 discrepare
513 1659 651 1720 videntur
666 1675 769 1718 versus
785 1654 856 1720 682.
873 1653 949 1718 683;
1089 1671 1092 1676 ’

449 1776 567 1858 εἰαρινὸς
582 1776 607 1840 δ’
626 1770 706 1848 οὗτος
720 1778 832 1840 πέλειαι
846 1771 944 1846 πλόος·
961 1771 993 1839 οὗ
1007 1801 1052 1856 μιν
1067 1771 1151 1856 ἔγωγε

449 1859 554 1946 αἴνημ’
572 1861 603 1926 οδ
618 1860 672 1946 γὰρ
688 1864 744 1944 ἐμῷ
759 1865 844 1943 θυμῷ
858 1860 1051 1944 κεχαρισμένος·
1067 1858 1149 1922 ἐστίν.

193 2019 228 2060 ex
243 2000 289 2060 his
306 1999 384 2060 anim
400 2008 517 2078 poetam
534 1999 688 2076 navigasse
704 2005 827 2058 constat.
851 1999 959 2058 Verum
971 1996 1051 2056 bene
1068 1994 1205 2054 observat
1216 1995 1413 2066 HermannuS,

193 2083 324 2163 potuisse
347 2084 434 2144 etiam
459 2103 542 2156 eum,
568 2082 617 2162 qui
642 2082 733 2142 semel
756 2089 837 2143 trans
860 2081 1024 2160 Eurippum
1045 2079 1214 2142 Chalcidem
1239 2099 1274 2140 ex
1295 2079 1415 2140 Boeotia

194 2169 385 2248 navigaverit,
410 2169 568 2247 quemdam
592 2167 676 2244 quasi
700 2166 790 2225 maris
817 2168 968 2226 horrorem
992 2165 1117 2244 experiri
1141 2164 1233 2244 (apud
1256 2164 1413 2242 Goettling.

192 2274 236 2312 vv.
254 2251 455 2324 646-662.)
493 2253 603 2308 Versus
618 2249 708 2326 igitur
722 2247 793 2310 649.
816 2248 928 2309 indicat
946 2258 1063 2328 poetam
1085 2268 1143 2310 non
1164 2269 1199 2312 ex
1219 2250 1414 2328 professione,

195 2335 279 2412 qnasi
299 2332 463 2406 nauticum,
487 2332 539 2392 sed
564 2351 600 2392 er
618 2333 686 2412 jure
707 2333 822 2410 cognati
846 2341 875 2394 et
893 2335 1051 2414 praecipue
1074 2334 1173 2396 lratris
1195 2334 1315 2414 majoris
1336 2342 1414 2406 natu,

196 2417 391 2497 navigationis
413 2426 569 2499 praecepta
591 2417 696 2498 partim
724 2437 759 2478 ex
781 2417 898 2499 propria
922 2419 1104 2498 experientia
1127 2420 1233 2501 partim
1260 2438 1296 2480 ex
1322 2419 1415 2480 aliena

195 2509 323 2564 statuere
339 2509 476 2564 conatum
494 2523 567 2564 esse.
606 2504 777 2566 Eustatbius
800 2505 889 2584 (apud
905 2505 989 2567 ilion.
1008 2505 1165 2584 Periegsv.
1183 2504 1282 2584 707),
1306 2504 1330 2565 si
1347 2523 1415 2565 eum

194 2587 296 2648 audire
312 2588 396 2663 velis,
421 2590 494 2650 haec
509 2591 635 2669 prolert:
654 2588 788 2663 Ἡσίοδος
807 2594 834 2655 ἐν
855 2602 913 2664 τοῖς
927 2588 990 2672 περὶ
1004 2595 1054 2655 νοῦ
1069 2594 1159 2654 aloen
1176 2595 1258 2674 λέγει,
1279 2586 1323 2654 ὅτι
1338 2590 1416 2667 talto,

194 2671 271 2738 ob'aa
289 2698 320 2735 τι
340 2677 515 2754 ναυτιλίης
535 2675 783 2755 σεσοφισμένος
807 2673 884 2739 οὔτε
904 2700 935 2740 aa
953 2680 1053 2755 νηῶν·
1076 2675 1112 2736 οὐ
1132 2674 1195 2756 γὰρ
1212 2676 1347 2739 πώποτε
1366 2677 1421 2756 νηΐ

193 2758 214 2840 η’
235 2755 382 2820 ἔπλευσα
397 2754 444 2819 καὶ
458 2755 496 2820 τὰ
507 2757 581 2838 ἑξῆς,
598 2757 688 2828 διδοὺς
702 2768 786 2830 νοεῖν,
803 2755 845 2821 ὅτι
859 2758 900 2830 ὡς
913 2763 1038 2822 Μουσῶν
1049 2756 1192 2840 ὑποφήτης
1208 2759 1277 2835 (vid.
1291 2778 1316 2817 v.
1330 2757 1415 2834 662.)

194 2841 251 2904 olor
266 2840 369 2903 κάνεα.
407 2841 510 2920 Neque
530 2841 560 2900 in
581 2841 610 2900 id
632 2841 783 2901 offendere
799 2861 972 2920 possumus,
999 2843 1076 2920 quod
1092 2842 1237 2903 Heliconii
1261 2842 1415 2920 tripodem,

195 2925 280 3006 cujus
303 2925 415 2984 mentio
439 2925 469 2986 in
490 2944 578 2986 versu
598 2923 669 2989 667.
687 2927 732 2998 lit,
757 2925 854 2986 adhuc
877 2925 953 3005 apud
978 2945 1011 2986 se
1034 2926 1144 2987 servari
1168 2927 1317 3000 ferebant,
1340 2934 1416 2988 teste

194 3010 341 3071 Pausania
355 3011 414 3086 (ΙΧ.
429 3010 508 3082 31.);
522 3011 568 3074 Ἐν
584 3006 614 3074 δὲ
627 3014 668 3088 τῴ
678 3008 802 3074 Ἐλαιῶνι
818 3007 864 3074 καὶ
880 3009 959 3076 ἄλλοι
974 3013 1101 3093 τρίποδες
1115 3021 1226 3088 κεῖνται,
1242 3009 1289 3076 καλ
1305 3012 1416 3096 ἀρχαιὸ

194 3119 292 3172 recor,
314 3093 346 3160 ὃν
365 3097 393 3159 ἐν
408 3097 530 3160 Χαλκίδι
544 3101 639 3181 λαβεῖν
655 3099 689 3176 τῇ
705 3098 733 3159 ἐν
747 3095 884 3178 Εὐρίνινιῳ
898 3098 1019 3180 λέγουσιν
1033 3093 1165 3160 Ἡσίοδον
1180 3097 1331 3179 νικήσαντα
1346 3098 1416 3178 ᾠδῇ·

194 3180 243 3260 qui
266 3180 381 3240 verosi
402 3201 505 3242 versus
528 3182 582 3243 hos
605 3200 658 3261 pro
679 3180 833 3243 Hesiodeis
857 3181 1024 3254 habuisset,
1050 3181 1114 3246 sine
1137 3181 1227 3242 dubio
1250 3182 1338 3262 hujus
1360 3183 1415 3244 loci

194 3284 309 3326 memor
328 3265 447 3338 luisset,
469 3286 524 3326 nec
544 3285 666 3345 prorsus
684 3267 938 3346 Amphidamantis
961 3287 1070 3329 nomen
1090 3267 1276 3348 neglexisset.
1314 3266 1416 3347 Neque

196 3349 311 3424 dicitur,
328 3349 393 3431 quis
409 3351 445 3410 ab
461 3350 591 3412 Hesiodo
606 3352 700 3412 victus
717 3352 816 3426 luerit,
833 3372 902 3413 nam
918 3353 1081 3414 Pausanias
1096 3361 1211 3414 tantum
1227 3351 1417 3436 suavisonae

196 3431 260 3514 ᾠδῇ
276 3435 377 3508 tradit3
400 3438 478 3513 qued
503 3444 582 3496 certe
601 3437 794 3497 offensionem
819 3438 897 3498 lacit.
934 3438 1104 3511 Praeterea,
1128 3449 1161 3499 ut
1185 3439 1261 3500 bene
1284 3438 1416 3500 animad-

197 3517 282 3577 vertit
296 3519 492 3598 Goettlingius
513 3523 549 3597 (v.
567 3518 667 3597 667),
692 3521 872 3598 epigramma
889 3523 1053 3583 Pausanias
1073 3541 1133 3583 non
1152 3523 1223 3602 legit
1240 3525 1272 3584 in
1293 3524 1415 3603 tripode,

196 3619 283 3680 quem
298 3602 379 3664 vidit.
402 3603 526 3664 Videtur
541 3604 630 3682 igitur
646 3605 835 3684 epigramma,
852 3607 931 3684 quod
943 3606 996 3668 uio
1009 3608 1236 3688 Chrysostomus
1252 3608 1295 3685 (in
1311 3609 1360 3670 Or.
1378 3610 1414 3670 ll.

196 3686 232 3747 de
247 3685 349 3766 Regno
364 3707 393 3767 p.
411 3687 461 3752 76.
477 3685 589 3765 Heislr.)
606 3689 693 3750 tradit
709 3689 750 3749 illi
767 3690 797 3749 in
812 3691 954 3752 helicone
970 3691 1075 3771 tripodi
1092 3693 1266 3772 inscriptum
1283 3693 1389 3754 luisse:

459 3805 591 3880 Ἠσίοδος
606 3807 739 3882 Μούσαις
751 3807 903 3873 Ἑλικώνισι
918 3809 993 3874 τόνδ’
1011 3811 1149 3894 ἀνέθηκεν

382 3986 385 3992 1
460 3887 537 3974 ὕμνῳ
551 3892 665 3977 νικήσας
680 3893 708 3956 ἐν
723 3894 845 3958 Χαλκίδι
860 3904 940 3959 θεῖον
950 3891 1085 3978 Ὅμηρον,

195 4023 301 4104 legisse
318 4027 396 4109 apud
413 4035 562 4088 auctorem
578 4028 696 4090 Homeri
719 4037 746 4089 et
762 4028 882 4090 Hesiodi
902 4031 1086 4104 certaminis,
1109 4031 1160 4112 qui
1180 4032 1223 4094 sic
1241 4031 1347 4112 tripodi
1370 4032 1416 4093 in·

196 4110 350 4187 scripsisse
366 4111 528 4175 Hesiodum
543 4116 640 4174 refert.
680 4115 788 4175 Versus
803 4112 982 4178 642-662.
1000 4117 1175 4196 Goettlingio
1196 4117 1302 4198 adjecti
1323 4117 1416 4180 luisse

197 4193 332 4255 videntur
347 4198 382 4258 ab
399 4199 502 4260 eodem
518 4200 681 4279 rhapsodo,
704 4199 753 4278 qui
770 4218 873 4260 versus
889 4198 1066 4264 632-642.
1084 4202 1246 4264 addiderat.
1285 4204 1416 4265 Tweste-

197 4279 263 4340 nius
279 4280 310 4358 (l.
329 4279 347 4339 l.
363 4301 390 4360 p.
407 4282 471 4363 58.)
491 4303 594 4346 versus
610 4283 947 4364 asa-662.uesi0a0
968 4287 1125 4368 abjudicat.
1164 4289 1352 4350 Hermannus
1374 4288 1415 4367 (in

197 4381 276 4426 cens.
293 4363 445 4446 Goetding.
462 4391 490 4449 p.
507 4369 592 4448 247.)
609 4369 862 4449 interpolationem
879 4371 910 4432 in
925 4372 1060 4433 versibus
1076 4371 1255 4436 ooo-659.
1273 4373 1414 4453 agnoscit.

195 4447 328 4510 Ranhius
344 4450 374 4529 (l.
387 4449 405 4509 l.
423 4471 450 4529 p.
464 4453 513 4516 m.
531 4455 606 4536 seq.)
622 4455 787 4518 Pausaniae
802 4456 868 4518 loco
883 4473 972 4535 supra
990 4457 1076 4519 citato
1091 4457 1264 4536 praesertim
1280 4459 1415 4521 adnitens

196 4533 339 4613 genuinos
355 4553 422 4596 esse
437 4554 539 4601 versus
555 4539 734 4605 646-662.
752 4541 904 4602 contendit
927 4543 1017 4618 (cont.
1033 4540 1121 4604 etiem
1137 4543 1210 4604 Bod.
1226 4542 1246 4603 l.
1263 4543 1281 4605 l.
1298 4563 1326 4623 p.
1342 4543 1414 4608 263.
