3326 5308
785 383 827 446 37

706 479 903 489 ——·--—----

195 613 319 682 πλειοδν
342 609 374 676 tt
392 609 481 675 κατὰ
499 606 629 692 χθονὸς
649 603 791 688 ἄρμενος
810 601 860 686 eia
874 621 1008 664 non‘nna
1018 613 1107 682 parte
1124 603 1246 662 laborat.
1286 604 1416 662 Ρνίνοιοο

196 704 270 762 enirn
285 701 356 759 nibil
368 699 490 758 voluisse
505 696 617 754 videtur
631 701 733 751 auctor
746 692 803 749 nisi
816 693 881 748 boc:
896 701 982 766 atque
997 691 1039 748 ita
1054 690 1166 766 quidem
1180 698 1255 746 recte
1270 689 1415 748 constituti

166 841 169 848 .
196 789 254 846 sint
275 786 357 844 totins
381 783 454 842 anni
473 781 579 840 conditi
599 779 727 848 ίοδονοε,Ι
749 778 801 834 sed
822 778 898 833 deest
916 769 992 849 ὦδε,
1016 769 1122 842 οὕτως
1144 777 1190 831 eet
1210 775 1268 832 tale
1289 775 1402 850 aliquid
1407 795 1418 844 ;

197 874 295 930 deinde
306 871 408 928 rectius
420 867 551 925 dixisset:
565 859 621 926 καὶ
637 857 743 930 οὕτως
759 857 905 940 ἄρμενος
920 857 961 921 dir
976 855 1026 940 είη
1041 855 1162 921 πλειών
1174 855 1261 922 κατὰ
1270 856 1417 939 χθονόςι

197 957 314 1034 deniqne
329 949 453 1016 aleeair
467 960 508 1008 est
522 949 691 1008 vocabalum
706 947 873 1004 recentioris
889 946 1005 1015 aetatis,
1025 964 1060 1003 ne
1076 945 1169 1002 dicam
1185 943 1414 1002 Alexandrinae.

197 1043 231 1102 At
245 1039 326 1100 nulia
349 1038 386 1095 de
401 1036 465 1115 ipso
481 1051 568 1093 versu
585 1030 762 1108 ambiguitas
783 1038 832 1089 aut
853 1029 930 1107 apud
946 1028 1084 1088 Proclum
1106 1034 1156 1086 aut
1174 1025 1254 1105 'apud
1276 1025 1348 1086 alios
1367 1045 1417 1086 ve-

195 1135 271 1186 teres
287 1123 464 1200 interpretes
488 1118 577 1195 (conl.
594 1118 754 1176 Hermann.
775 1114 950 1192 inOpuscc.
971 1113 1004 1174 T.
1022 1113 1067 1174 VI.
1092 1131 1120 1190 p.
1137 1109 1235 1187 245.),
1259 1130 1355 1192 neque
1377 1112 1414 1172 de

195 1207 337 1269 vocabulo
352 1205 474 1269 aterbii
490 1203 604 1280 tegitur.
642 1198 754 1263 Πλευίιν
769 1195 800 1264 δὲ
818 1197 834 1266 ὁ
850 1197 988 1270 ἐνιαυτὸς,
1010 1196 1137 1261 ἀπὸτοῦ
1158 1195 1253 1284 πάντα
1273 1200 1416 1278 πεπληρῶ-

195 1303 279 1367 σθαι,
301 1290 318 1373 ἢ
339 1289 398 1355 ἀπὸ
418 1293 473 1352 τῶν
490 1285 655 1369 Πληϊάδων·
680 1285 710 1362 ἐξ
729 1284 822 1349 αὐτῶν
846 1284 901 1368 γὰρ
924 1283 951 1346 oi
969 1279 1124 1365 στοχασμοί
1145 1285 1194 1344 τοῦ
1216 1279 1284 1344 τότε
1307 1287 1350 1345 δεῖ
1368 1278 1415 1344 καί

194 1388 306 1460 σπεῖραι
321 1372 369 1438 καὶ
383 1373 511 1456 θερίσαι,
533 1372 572 1432 ait
586 1370 709 1432 Procles
726 1369 776 1452 (ad
793 1371 821 1430 h.
840 1371 887 1445 υ).
926 1368 984 1428 Sed
1000 1375 1081 1428 recte
1096 1366 1265 1444 Lennepius
1282 1366 1324 1443 (in
1340 1385 1415 1426 com.

195 1465 232 1524 ad
248 1465 279 1522 h.
295 1461 335 1535 v.)
351 1457 520 1536 respondet:
541 1467 709 1535 usurpatam
730 1453 855 1518 aternio
875 1458 910 1514 de
929 1475 1008 1514 anno
1027 1455 1111 1513 etiam
1132 1474 1151 1510 a
1170 1453 1346 1511 Callimacho
1369 1449 1415 1526 (II.

196 1547 226 1605 itt
241 1547 313 1605 Jove
328 1564 353 1604 v.
370 1543 446 1620 89.)‚
464 1546 650 1622 Lycophrona
665 1543 721 1620 (vv.
734 1539 805 1602 201.
821 1538 940 1617 1039),
956 1537 1243 1616 Antipatro-Sidonio
1260 1533 1323 1616 (Ep.
1337 1536 1414 1596 XIII.

197 1651 221 1689 v.
242 1629 271 1692 3.
294 1629 324 1689 in
344 1628 428 1690 Anel.
452 1627 592 1688 Brunckii
614 1627 651 1688 II.
675 1645 703 1704 p.
725 1624 781 1702 9.),
806 1629 881 1684 ande
904 1635 999 1684 tamen
1022 1646 1080 1684 non
1102 1624 1233 1695 efficitur,
1257 1623 1417 1700 quodvult

199 1717 404 1793 Goetttinpins,
423 1715 526 1772 aetatis
539 1733 598 1770 csse
612 1712 776 1770 recentioris
796 1712 848 1768 boc
862 1711 1040 1778 vocabalum.
1073 1709 1192 1768 Constet
1209 1707 1416 1768 Gallinacium

197 1810 270 1860 certe
286 1810 313 1858 et
323 1801 539 1878 Lycophronern
553 1799 738 1874 antiquorum
752 1797 901 1855 verboram
915 1797 946 1854 in
957 1797 1061 1872 primis
1068 1795 1165 1868 faisse
1179 1795 1334 1852 stadiossos
1348 1799 1415 1852 cett.

197 1885 288 1945 Aliter
302 1891 386 1962 putat
402 1881 542 1942 Lehrsius
559 1881 589 1961 (I.
606 1881 624 1940 l.
641 1900 669 1960 p.
683 1877 785 1958 206),
804 1899 905 1959 quern,
922 1889 955 1940 ut
970 1878 1157 1958 saepissime,
1174 1876 1217 1937 sic
1232 1876 1320 1937 etlam
1338 1895 1415 1937 nunc

194 1969 297 2032 audire
313 1987 372 2030 non
388 1967 533 2028 volumus,
571 1967 709 2028 Fortasse
725 1984 827 2026 versus
843 1964 916 2027 617.
933 1965 1108 2025 scribendus
1125 1971 1183 2023 est:

459 2084 576 2168 ὡραίου·
591 2082 693 2148 πλειὼν
708 2084 734 2146 δ’
753 2084 815 2147 εἶτα
828 2081 937 2166 χθονὸς
953 2079 1070 2164 ἄρμενος
1088 2083 1148 2146 aiei

280 2223 314 2282 In
329 2221 465 2280 versibus
480 2216 668 2280 618-694.
690 2219 726 2274 de
741 2217 926 2293 navIgatione
942 2216 1046 2294 agitur.
1084 2218 1163 2276 Haec
1179 2236 1295 2295 quoque
1312 2216 1417 2277 carmi-

196 2307 242 2370 nis
258 2323 326 2382 pars
342 2321 411 2361 cum
428 2299 671 2360 antecedentibus
691 2317 822 2358 connexa
845 2308 903 2372 est3
926 2300 1094 2360 necessario
1115 2301 1193 2360 enirn
1215 2301 1360 2378 sequitur,
1384 2310 1417 2361 ut

198 2389 312 2464 fruges,
329 2403 402 2466 quas
419 2394 494 2454 terra
510 2385 670 2464 pepererit,
691 2393 855 2463 permutes;
879 2385 977 2464 itaque
993 2385 1089 2464 agitur
1103 2385 1140 2445 de
1155 2393 1319 2445 mercatura
1335 2404 1417 2444 exer-

200 2472 302 2532 cenda.
340 2471 504 2551 Utrumque
525 2489 617 2548 penes
633 2471 754 2530 Persem
776 2478 834 2542 est,
860 2479 892 2530 ut
911 2471 1019 2531 victum
1044 2470 1099 2531 sibi
1122 2478 1256 2551 quaerat,
1280 2469 1305 2530 si
1323 2470 1416 2549 patris

197 2557 363 2636 exemplum
379 2549 514 2629 volueiit3
538 2564 696 2635 utrumque
717 2555 795 2615 haud
816 2575 906 2634 parvo
926 2549 1027 2618 labare
1046 2556 1210 2618 conficitur.
1247 2556 1343 2635 thue
1358 2555 1415 2616 illis

131 2670 133 2678 ν
195 2642 371 2722 praeceptis
388 2660 463 2718 quae
480 2643 515 2700 ad
534 2659 620 2718 agros
636 2641 776 2704 colendos
791 2642 939 2719 pertinent
954 2643 1043 2719 (conl.
1059 2661 1103 2700 vv.
1116 2639 1188 2702 394.
1200 2639 1271 2704 395.
1289 2641 1369 2722 ἔργα

196 2723 240 2797 ὥς
254 2751 307 2789 τοι
322 2724 450 2787 ἕκαστα
464 2721 536 2804 ὥρι’
554 2725 703 2805 ἀέξηται.
718 2744 745 2782 v.
761 2723 834 2786 422.
849 2727 1055 2806 μεμνημένος
1070 2721 1154 2806 ὥρια
1170 2721 1281 2807 ἔργα),
1299 2727 1342 2785 sie
1357 2725 1414 2797 hic,

197 2829 272 2888 quae
288 2809 323 2868 ad
340 2807 537 2885 navigandum
555 2815 702 2886 spectent,
724 2809 835 2882 omnia,
857 2827 932 2887 quae
948 2809 1073 2870 obtineri
1089 2809 1251 2888 patuerint,
1272 2827 1325 2888 pro
1341 2816 1415 2868 tern-

196 2913 267 2973 pore
282 2892 450 2973 peragenda
468 2891 644 2971 praescrihit
659 2900 754 2971 poeta.
792 2894 915 2954 Versum
931 2893 1006 2958 618:

468 3011 495 3075 ei
508 3012 542 3074 δέ
552 3036 584 3075 σε
597 3011 735 3094 ναυτιλίης
749 3015 939 3097 δυσπεμφελοο
954 3009 1045 3096 ἵμερος
1060 3012 1142 3094 nicei,

195 3148 269 3208 alius
286 3167 351 3208 esse
367 3147 549 3208 recensionis
564 3165 618 3226 pro
633 3167 659 3207 v.
675 3145 738 3209 646
753 3167 813 3227 seq.
831 3147 949 3228 conjicit
962 3147 1158 3226 Goettlmgius
1175 3147 1223 3228 (ad
1239 3149 1268 3210 h.
1286 3149 1338 3226 ν.);
1361 3147 1413 3208 sed

194 3235 270 3294 bene
285 3233 445 3313 respondet
458 3233 629 3311 Lennepius
651 3232 694 3309 (in
709 3251 783 3294 com.
808 3234 844 3294 ad
863 3235 892 3296 h.
910 3236 961 3312 υ),
987 3234 1066 3313 quod
1087 3233 1152 3296 sine
1175 3251 1232 3314 quo
1252 3233 1340 3297 nimie
1363 3233 1415 3297 ab·

195 3326 280 3395 rupte
296 3319 391 3379 iactus
412 3323 492 3380 es'set
510 3319 652 3380 transitus
673 3338 689 3377 a
708 3319 874 3397 praeceptis
895 3319 931 3382 de
951 3337 983 3380 re
998 3319 1109 3382 rustica
1132 3319 1258 3382 adhaec
1280 3320 1317 3380 de
1332 3318 1413 3381 navi·

196 3401 311 3478 gatione
335 3403 424 3482 (cons.
440 3404 542 3465 Lehrs.
562 3403 580 3463 l.
596 3404 615 3463 l.
640 3423 668 3482 p.
690 3402 765 3475 2073
790 3403 881 3466 lienis.
903 3405 921 3464 l.
942 3405 960 3465 l.
985 3423 1013 3484 p.
1030 3403 1071 3466 20
1093 3423 1169 3486 seq.;
1193 3405 1339 3468 Vollbehr.
1355 3405 1376 3474 Vl.
1392 3405 1414 3467 l.

196 3503 225 3563 p.
242 3484 281 3546 72
297 3483 379 3566 seq.)'.
419 3487 542 3548 Versum
557 3487 629 3552 618.
646 3486 805 3566 integrum,
826 3489 877 3550 sed
899 3489 963 3550 sine
983 3495 1086 3568 poetae
1103 3489 1236 3563 nomine,
1261 3489 1328 3552 citat
1343 3489 1412 3569 Ety-

196 3569 329 3648 mologus
349 3573 385 3632 M.
409 3593 437 3652 p.
459 3571 530 3634 292.
551 3571 611 3646 36,
636 3579 668 3633 ut
686 3571 820 3647 Hesiodi,
844 3575 973 3636 Zonaras
995 3594 1021 3654 p.
1043 3572 1118 3650 5793
1141 3573 1261 3653 respicit
1283 3593 1350 3636 eum
1374 3575 1411 3636 ob

195 3654 371 3715 vocabulum
387 3653 620 3740 δυσπεμφέλου
643 3658 691 3734 (ad
708 3658 740 3718 Il.
756 3678 784 3738 p.
804 3657 893 3723 1084.
910 3657 959 3722 39.
975 3679 1002 3738 p.
1021 3656 1101 3722 1153
1118 3662 1190 3739 seq.)
1227 3660 1416 3740 Eustatbius3

195 3741 383 3821 δυσπεμφελος
398 3738 427 3804 δὲ
441 3741 555 3817 πόντος,
571 3738 587 3808 ὃ
602 3743 788 3826 δυσχείμερος,
812 3741 847 3806 δι’
865 3737 897 3808 oi
912 3747 1050 3827 δυσχερῶς
1064 3748 1132 3817 ναῦς
1146 3747 1291 3827 πέμπεται.
1322 3739 1412 3808 Ὅθεν

195 3820 242 3888 καὶ
261 3822 393 3896 ‘Homine
415 3827 603 3910 δυσπέμφελον
628 3825 685 3910 τὴν,
703 3829 845 3892 ναυτιλίαν
870 3829 945 3912 φησί.
988 3829 1061 3890 Cum
1088 3827 1196 3910 quibus
1222 3831 1411 3890 conferantur

197 3908 281 3969 etiam
308 3909 383 3970 baec
408 3911 502 3990 (apud
527 3910 721 3974 Scholiastam
746 3911 851 3974 Victor.
880 3914 914 3974 ad
929 3905 973 3977 n.
998 3921 1038 3977 Π.
1063 3911 1131 3978 748.
1159 3915 1238 3993 apud
1264 3914 1410 3994 Heynium

197 3993 229 4054 T.
249 3995 308 4055 VII.
333 4014 360 4074 p.
383 3994 478 4072 790.):
501 3996 670 4080 Ζηνόδοτος,
694 3999 878 4081 δυσπεμιμελοι
901 3999 966 4075 cler,
992 3998 1121 4102 μροίιμονν,
1148 3995 1272 4063 ἐπὶτῶν
1298 4000 1408 4080 ἀνδρῶν

194 4075 301 4161 ἢκουον·
324 4079 382 4144 οἷον
404 4080 568 4164 δυσάρεστοι
590 4082 618 4145 oi
639 4083 756 4162 ἑταῖροι·
783 4082 921 4165 δηλονότι,
947 4081 987 4156 ὥς
1012 4111 1059 4147 και
1079 4082 1225 4156 Ἡσίοδος,
1251 4085 1411 4158 πολυξείνου

196 4161 289 4236 δαιτὸς
312 4167 500 4250 δυσπεμφελος
523 4165 559 4244 (v.
583 4166 664 4256 722.)
691 4163 810 4250 eleari
835 4168 1011 4251 οἰπλῆρουτοςι
1035 4165 1083 4232 καί
1104 4167 1248 4240 Ἡσίοδος·
1271 4169 1411 4248 randena

196 4249 395 4332 δυσπεμφελον·
417 4252 529 4334 κέρδους
549 4251 602 4334 γὰρ
621 4253 653 4317 οὐ
672 4255 837 4335 πίμπλαται.
875 4253 1011 4315 ‘Attamen
1027 4260 1144 4333 poetam
1165 4253 1262 4332 ipsum
1282 4270 1409 4331 pronum

196 4349 255 4391 non
277 4351 343 4393 esse
363 4335 393 4394 in
413 4336 629 4416 navigationem
650 4337 780 4398 ostendit
799 4339 973 4400 vccabulum
994 4340 1229 4424 δυσπεμφέλου
1252 4337 1283 4396 itt
1303 4337 1406 4396 eodem

195 4435 281 4478 versu
304 4419 392 4495 (conf.
409 4420 494 4484 etiarn
514 4443 556 4484 vv.
573 4421 644 4486 236.
659 4421 729 4485 231.
753 4422 822 4487 οὐδ’
844 4420 898 4487 ἐπὶ
917 4427 1003 4507 νηῶν
1022 4420 1250 4500 reieceritis),
1274 4421 1321 4482 eui
1338 4420 1409 4480 sub

190 4500 277 4581 jungi
292 4505 424 4583 neglecta
440 4514 485 4566 est
499 4526 514 4566 a
530 4516 617 4587 poeta
637 4503 775 4587 epodosis
786 4508 955 4572 secundum
971 4507 1179 4586 Goettlingium
1196 4506 1226 4582 (l.
1243 4507 1279 4583 ο.)
1294 4507 1409 4566 Lenne-
