3336 5300
853 390 917 456 '34

798 481 995 494 ——a—-..

284 588 370 666 ulnae
394 604 455 668 sive
479 621 599 680 manus,
626 607 703 686 quod
728 607 777 670 hic
799 609 895 672 verbis
920 610 1037 694 ὀλίγον
1057 612 1171 696 pecode
1192 618 1358 684 exhibetur.
1403 625 1502 708 Itaque
1584 642 1588 652 '

282 687 396 772 ὀλίγον
409 687 486 772 περὶ
499 689 615 773 χειρὸς
630 691 752 775 ἐέργων
772 693 932 773 signifieat,
955 698 1054 776 palma
1073 718 1128 762 nec
1142 701 1211 762 ulna
1227 704 1324 785 spicas
1345 710 1499 790 stringens,

283 783 384 835 metes
417 771 560 857 Ἥμενος
581 776 721 858 ἀμήσεις
743 778 901 861 significat:
924 787 1024 844 sedena
1048 795 1131 846 aeetae
1152 809 1239 848 rarae
1262 793 1295 854 ob
1317 799 1500 871 sterilitatem,

283 859 463 939 minimeque
480 867 511 920 ut
527 861 723 940 Goattlingius
738 863 777 942 (u.
793 864 879 941 480.)
895 867 970 928 rull:
987 880 1109 946 prepter
1121 874 1318 949 humilitatem,
1338 884 1502 942 tenuitatem

281 955 308 1003 et
317 949 466 1006 raritatem
476 949 632 1008 aristarum
643 951 743 1007 aedem
755 959 852 1011 melae.
877 950 995 1016 Ἀντία
1007 955 1174 1036 δεσμεύων
1185 961 1349 1022 securldum
1362 963 1500 1032 eractura

281 1029 407 1108 pertinet
421 1031 456 1091 ad
473 1029 522 1112 τὴν
538 1029 712 1113 κολοβότητα
728 1030 776 1097 καὶ
790 1034 958 1118 σμικρότητα
978 1041 1034 1119 τῶν
1056 1039 1220 1122 ἀσταχύων·
1243 1043 1500 1132 ἀντιπαραβάλλον-

281 1139 326 1186 τες
344 1114 397 1196 γάρ
418 1113 518 1187 αὐτούς
538 1113 585 1180 καὶ
605 1115 730 1199 ἀλλήλοις
750 1117 884 1192 ’ἐναντίως
906 1123 1034 1194 τιθέντες
1060 1125 1240 1208 δεσμεύουσιν.
1285 1131 1416 1211 Amplexi
1443 1135 1500 1195 hoc

281 1198 452 1260 Latinorum
468 1200 660 1278 interpretum
677 1202 855 1264 Basiieensi's
877 1213 905 1265 et
921 1205 968 1265 alii
985 1215 1079 1286 usque
1096 1209 1132 1270 ad
1149 1211 1317 1287 Graevium,
1342 1217 1500 1280 reddentes

280 1287 418 1346 adversim
432 1288 635 1362 manipulam;
657 1287 787 1365 Guyelus
804 1307 935 1370 quoque,
956 1311 1120 1372 exponam,
1142 1295 1271 1369 ,ἀντίους
1290 1298 1355 1372 τούς
1375 1302 1501 1386 στάχυας

280 1369 424 1450 δεσμεύων,
439 1370 483 1430 les
499 1387 556 1432 uns
572 1389 609 1432 en
625 1371 697 1446 haut
715 1373 759 1433 les
775 1383 874 1436 autres
890 1395 927 1436 eu
942 1377 1017 1438 has“
1037 1377 1126 1456 idque
1147 1389 1268 1460 propter
1288 1384 1435 1463 spicarum
1456 1389 1502 1453 iu·

280 1453 495 1532 aequalitatem.
541 1456 663 1519 Assensi
688 1467 757 1518 sunt
782 1458 853 1519 itam
874 1461 1023 1524 recentius
1046 1463 1071 1522 J.
1096 1463 1131 1524 H.
1155 1466 1277 1530 Vossius
1301 1477 1329 1530 et
1351 1471 1498 1548 Spohuius

295 1539 373 1617 apud
389 1539 519 1619 Lennep.
536 1541 567 1602 iu
583 1557 657 1602 com.
674 1562 699 1602 v.
716 1539 814 1626 aen).
848 1545 885 1606 dt
899 1545 1068 1624 Lennepius
1085 1543 1118 1629 (l.
1135 1545 1176 1632 c.)
1194 1551 1288 1614 addit:
1304 1554 1367 1626 sed,
1384 1555 1498 1633 quaerit

326 1624 489 1702 ettliugius,
513 1625 569 1686 hoc
592 1626 758 1704 significare
780 1627 868 1698 ἀντίοι,
889 1631 954 1709 quis
979 1629 1084 1710 putet?
1112 1633 1238 1696 Causam
1263 1637 1364 1718 utique
1387 1639 1499 1714 hahuit,

280 1727 333 1769 cur
353 1708 396 1770 sic
416 1717 532 1788 putaret
548 1711 683 1781 Proetus
705 1713 805 1774 neseio
827 1733 864 1776 an
884 1715 913 1776 in
929 1717 1105 1778 Boeotorum
1122 1738 1193 1792 usu,
1217 1721 1327 1802 dequo
1343 1733 1499 1791 monuerat

279 1793 310 1854 in
326 1794 543 1857 Commentario
554 1795 741 1858 Plutarchus,
780 1799 880 1877 Neque
896 1820 972 1879 nego
987 1810 1100 1877 tamen,
1122 1823 1209 1882 posse
1225 1805 1309 1871 ἀντίοι
1328 1808 1502 1888 simpliciter

281 1877 388 1957 accipi,
405 1888 437 1940 ut
453 1881 566 1961 accepit
582 1881 790 1960 Goeltlingius:
812 1906 886 1961 quae
901 1888 985 1948 odola
1000 1890 1051 1948 tihi
1068 1891 1098 1950 ia
1113 1911 1216 1953 νιαιιαο
1230 1894 1382 1952 inciderint
1395 1897 1500 1972 α’ροινω.

280 1963 366 2040 Quod
382 1965 511 2026 voluisse
526 1965 663 2030 videntur
679 1967 969 2031 etiarn-Graevius-et
984 1972 1126 2051 Largius,
1150 1975 1308 2038 reddentes
1323 1997 1365 2036 ea»
1375 1981 1498 2044 adverae

273 2059 360 2124 pauc
374 2049 478 2127 ligans.
517 2050 601 2112 Certe
617 2051 696 2112 hunc
712 2051 743 2112 in
759 2054 947 2118 annotatione
964 2075 1110 2136 exponere
1125 2059 1225 2122 videas
1240 2064 1282 2122 cio
1295 2063 1342 2126 cla
1357 2064 1497 2127 incontra.

280 2133 416 2194 Ceterum
440 2134 510 2198 iacit
533 2135 620 2196 etiam
648 2136 685 2197 ad
708 2138 887 2216 paucitatem
910 2146 1070 2220 proventias
1093 2144 1314 2217 declarandam,
1346 2147 1425 2224 quod
1451 2147 1500 2214 hic

278 2237 393 2280 messor
408 2218 472 2298 ipse
488 2220 655 2301 manipulos
670 2222 753 2301 ligat,
777 2243 850 2298 non,
875 2233 907 2286 ut
921 2226 952 2289 in
972 2234 1082 2309 panai
1096 2229 1175 2310 trip
1194 2229 1258 2292 lieri
1273 2229 1398 2302 solebat,
1422 2251 1499 2308 pone

278 2322 441 2366 messorem
457 2305 516 2367 aiii.
554 2307 614 2368 Sed
634 2325 688 2368 nos
709 2309 820 2370 nullam
841 2310 946 2372 harum
962 2312 1239 2390 interpretationum
1260 2316 1502 2396 comprobantem

278 2407 346 2452 unm
368 2409 475 2455 sensus
500 2395 558 2456 τοῦ
581 2391 682 2456 ἀντία
704 2395 863 2470 apponitur
885 2399 930 2471 τῴ
952 2395 1080 2458 νεύοιεν
1102 2398 1139 2473 (u.
1162 2399 1248 2476 473.)
1287 2400 1380 2476 Igitur
1402 2400 1503 2466 ἀντία

276 2475 435 2554 significat:
455 2483 550 2536 metes
571 2475 668 2550 spicas
683 2493 742 2534 non
759 2483 896 2537 nutantes
917 2483 946 2538 et
964 2495 1052 2551 parca
1074 2496 1165 2552 grana
1181 2482 1367 2542 continentes
1382 2493 1503 2560 propter

276 2560 469 2620 humilitatem
488 2557 644 2618 aristarum
660 2574 694 2617 ao
709 2557 895 2630 tenuitatem;
918 2575 993 2635 quae
1017 2559 1103 2620 ambo
1125 2560 1288 2621 maturitati
1310 2563 1443 2638 ipsarum
1467 2586 1502 2627 ac

276 2641 453 2721 plenitudini
471 2635 652 2724 (ἀδροσύνῃ
668 2639 798 2721 cana.)
813 2649 1013 2720 opponuntur.

362 2727 396 2788 ln
411 2745 500 2790 versu
515 2724 591 2790 504:
1120 2755 1126 2762 ·

504 2847 579 2928 μῆνα
593 2840 623 2908 δὲ
636 2847 806 2927 Ληναιῶνα,
822 2844 882 2912 κάκ’
899 2843 1007 2928 ἤματα,
1027 2845 1150 2930 βουδόρα
1164 2845 1268 2922 πάντα,

276 2980 411 3045 laborant
424 2979 615 3059 interpretem
637 2981 800 3062 etquidem
814 2981 975 3066 Ληναιδν
990 2982 1090 3046 nuilus
1106 2982 1185 3060 apud
1199 2981 1328 3045 Boeotos
1344 2981 1499 3051 dicebatur

276 3057 386 3128 mensis
403 3066 566 3129 secundum
582 3066 776 3132 Plutarchum
792 3067 871 3148 apud
886 3068 1024 3132 Proetum
1040 3075 1070 3127 et
1085 3065 1262 3142 nesycniom
1280 3068 1318 3143 (v.
1334 3067 1499 3147 Apameia).

276 3151 338 3214 Hoc
358 3151 460 3224 movit,
485 3159 518 3212 ut
537 3151 664 3225 videtur,
688 3152 898 3229 Goettlingium
920 3153 971 3229 (ad
990 3153 1018 3213 h.
1040 3151 1093 3224 u),
1120 3158 1153 3209 ut
1167 3149 1272 3214 miram
1292 3149 1411 3230 juberet
1430 3171 1499 3218 con·

273 3236 430 3316 jacturam:
453 3240 528 3298 luae
549 3256 660 3294 uersam
680 3258 739 3296 aaa
758 3239 795 3295 ab
812 3239 937 3318 Hesiodo
953 3239 1061 3298 Boeoto
1076 3239 1252 3312 profectum,
1277 3235 1329 3296 sed
1346 3235 1382 3298 ah
1398 3235 1493 3300 lonico

277 3328 376 3399 poeta,
399 3331 431 3382 at
444 3325 535 3380 malta
550 3321 611 3380 alia
634 3321 664 3378 ia
678 3322 730 3380 hoa
746 3323 886 3392 carmine,
910 3330 1015 3380 certum
1030 3330 1079 3379 eat.
1119 3324 1197 3382 Nam
1217 3323 1332 3384 Boeotia
1353 3322 1498 3386 dicebatur

275 3404 482 3478 Bovarium,
499 3406 547 3482 qui
562 3413 603 3464 eat
613 3405 713 3464 Atticis
728 3407 760 3466 Γ
757 3403 921 3486 applaria,
937 3407 1051 3466 [νωτιαῖα
1066 3407 1232 3466 Decembris
1247 3428 1322 3487 pars
1338 3429 1400 3466 cam
1410 3415 1496 3483 palte

275 3493 423 3552 Jaauarii.
446 3485 633 3552 Twestenius
649 3487 679 3562 tl.
696 3487 715 3548 l.
732 3508 760 3566 p.
773 3487 815 3550 56
828 3489 902 3566 seq.)
919 3509 1037 3550 omnem
1054 3491 1131 3553 hanc
1146 3489 1252 3552 hiemis
1269 3489 1497 3568 descriptionem

276 3575 404 3637 Hesiodo
420 3575 491 3636 item
507 3572 666 3652 abjudicat.
705 3573 847 3638 Lehraius
865 3574 894 3652 (l.
912 3575 930 3634 l.
947 3594 976 3654 p.
992 3574 1078 3654 201.)
1101 3583 1229 3638 veteram
1246 3574 1408 3636 Hesiodum
1428 3573 1498 3665 iude

276 3679 294 3720 a
316 3677 403 3722 aaran
426 3656 497 3720 536.
522 3657 664 3735 agnoscit.
707 3658 870 3740 Ληναιών
893 3679 959 3720 esse
981 3679 1091 3723 nornen
1113 3660 1261 3727 ionicum,
1285 3658 1395 3724 dictum
1418 3657 1457 3720 ita
1480 3676 1496 3718 a

275 3745 461 3808 henaoorum
476 3742 561 3814 testo,
578 3743 707 3804 attirmat
717 3743 884 3806 Boeckhius
902 3746 951 3823 (de
966 3745 1092 3808 Lenaeis
1108 3765 1136 3824 p.
1149 3745 1200 3808 50.
1216 3745 1300 3824 aaa).
1324 3741 1497 3824 abjicienda

275 3836 355 3894 certe
370 3821 453 3902 sunt,
475 3845 550 3912 quae
564 3827 705 3914 leguntur
720 3835 783 3890 tum
799 3831 878 3908 apud
893 3830 1078 3910 Leanepium
1096 3830 1138 3904 tin
1154 3849 1229 3894 com.
1245 3847 1288 3889 rr.
1305 3823 1497 3892 manaae:

274 3916 357 3992 pald,
385 3909 505 3991 quaero,
531 3935 583 3976 aaa
600 3915 752 3992 prohibeat
774 3937 893 4000 caueam
915 3919 997 3978 illam
1022 3919 1053 3976 ia
1077 3937 1108 3975 eo
1134 3929 1282 3994 quaerere,
1308 3915 1386 3990 qaod
1409 3913 1501 3974 aetati

276 4001 396 4058 Hesiodi
415 4000 488 4058 idem
505 4001 595 4060 menei
615 4021 717 4060 nomeu
736 4003 821 4062 etiam
835 4003 938 4062 Boeoti
960 4001 1121 4072 tribuem'at,
1145 4003 1327 4088 licetb'poatea
1346 3999 1429 4072 apud
1452 4018 1498 4062 eoa

275 4085 334 4144 alio
349 4093 489 4144 mutatum
502 4087 551 4157 ait,
567 4095 598 4156 ut
612 4087 642 4144 ia
658 4088 750 4148 Italia
759 4108 817 4164 pro
832 4089 922 4146 numia
937 4087 1108 4170 temporibus
1123 4087 1208 4147 uaria
1219 4088 1345 4159 fuerunt
1359 4085 1495 4178 meusium

274 4162 423 4251 nomina);
442 4176 505 4231 turn
526 4169 604 4248 apud
621 4169 820 4232 Vloehrium
836 4170 866 4246 (l.
884 4171 903 4230 l.
924 4191 952 4250 p.
969 4167 1023 4233 69:
1046 4173 1108 4248 quis
1124 4172 1198 4230 enim
1213 4167 1312 4237 nescit,
1333 4187 1402 4228 nam
1421 4173 1494 4226 aala-

275 4255 369 4330 quitos
383 4256 556 4318 Boeotorum
570 4275 678 4318 menaea
692 4258 776 4316 iidem
782 4259 913 4330 fuerint,
936 4259 986 4333 pai
1000 4255 1206 4333 posterioribus
1221 4253 1393 4327 temperabas
1406 4251 1496 4345 aomi-

275 4337 423 4418 cocart).
461 4337 534 4404 Nam
555 4339 747 4404 Plutarchum
766 4339 865 4421 ipsum
885 4341 1027 4403 Boeotum
1049 4338 1195 4414 simulque
1216 4334 1310 4400 virum
1331 4335 1499 4430 eruditissi-

276 4439 372 4494 mum,
388 4423 576 4502 eundemque
591 4423 622 4484 in
637 4424 759 4490 Hesiodi
775 4425 923 4504 Operibus
939 4431 968 4486 et
982 4421 1093 4486 Diebus
1109 4420 1233 4483 multum
1249 4427 1412 4491 versatum,
1428 4419 1498 4481 talia

275 4506 364 4570 verba
383 4508 439 4570 hac
459 4509 490 4572 in
508 4527 541 4572 re
556 4507 677 4576 minime
698 4507 812 4575 decent.
850 4505 1136 4584 Rectissimaigitur
1150 4505 1284 4569 Bantius
1306 4504 1337 4579 tl.
1352 4503 1373 4572 l.
1387 4523 1416 4584 p.
1435 4502 1496 4576 10.)
